1968 2599
923 158 974 201 27

167 265 404 297 HEMUCUS
440 265 690 298 ROBER'PUS
727 266 988 305 GOEPPER'P.
1025 269 1083 300 Dr.
1121 270 1158 301 P.
1189 269 1227 302 P.
1259 270 1299 301 Ο.
1368 270 1537 303 Publice
1581 272 1605 304 l.
1646 273 1825 305 Est-ursio-

63 329 131 355 nes,
156 328 237 359 quas
263 319 380 349 vocant
403 317 585 351 botanicas.
613 320 646 348 in
667 329 744 359 agro
767 319 1023 350 Vratislaviensi
1044 321 1184 352 instituet
1210 321 1239 353 d.
1260 321 1328 353 Sat.
1350 321 1380 353 h.
1401 333 1456 353 111.
1511 323 1553 354 ΙΙ.
1584 324 1722 356 Plantas
1740 325 1829 356 horti

64 370 210 401 botanici
232 372 375 401 rariores
400 375 540 412 exponet
564 369 661 401 semel
689 381 748 413 per
773 369 869 401 hebd.
939 371 1134 403 Privatim
1177 372 1238 404 111.
1286 374 1467 405 Botanicen
1491 377 1670 416 generalem
1695 375 1826 408 docebit

66 421 152 454 dieb.
172 421 255 452 Lun.
274 422 369 453 Mart.
390 421 491 453 Merc.
513 421 580 452 Iov.
602 421 681 453 Ven.
709 421 739 453 h.
768 432 813 453 xl.
874 422 904 452 Π
919 447 925 453 .
955 424 1133 456 Botanicen
1151 426 1323 466 specialem
1341 437 1396 456 sea
1415 429 1653 467 systematicam
1672 439 1736 459 nna
1755 439 1825 460 cum

65 475 266 516 expositione
288 472 500 514 familiarum
523 474 722 505 naturalium
750 472 882 505 docebit
908 474 938 506 d.
964 475 1046 507 Lun.
1075 482 1107 508 et
1135 477 1200 507 [ov.
1222 477 1252 509 h.
1274 488 1316 509 lv.
1374 478 1448 509 NB.
1478 478 1660 519 Lectiones,
1682 491 1765 521 quae
1783 479 1825 512 ad

66 525 256 557 medicinam
278 525 448 567 pertinent,
467 524 585 557 scholis
606 525 807 557 Medicorum
826 532 899 557 sunt
918 538 1072 558 annexae.

169 576 411 610 ERNESTUS
443 577 692 609 EDUARDUS
724 578 938 613 RUMMER,
973 578 1030 610 Dr.
1055 579 1092 610 P.
1118 579 1154 611 P.
1182 580 1222 611 Ο.
1289 581 1579 613 Privatissime
1615 588 1654 614 et
1690 583 1824 626 gratis

66 631 91 663 I.
120 629 388 662 Exercitationes
405 629 653 661 mathematicas
673 629 893 661 moderabitur
907 630 938 661 d.
960 630 1040 662 Lun.
1062 637 1091 661 et
1115 631 1178 662 lov.
1201 631 1229 662 h.
1253 644 1279 662 x.
1336 632 1538 665 Privatim
1579 634 1619 665 11.
1660 635 1825 666 Calculum

66 682 255 725 integralem
274 681 406 713 docebit
424 680 508 713 dieb.
528 681 611 713 Lun.
634 682 728 713 Mart.
753 683 819 713 lov.
845 682 922 713 Vcn.
944 682 974 713 h.
997 693 1040 714 n.

170 733 417 766 ADOLPHUS
445 733 729 766 FRIDERICUS
757 733 1017 769 STENZLER,
1058 734 1116 765 Dr.
1149 734 1184 765 P.
1211 735 1244 765 Ρ.
1273 737 1311 765 0.
1372 735 1543 768 Publice
1571 738 1826 769 Grammaticam

68 789 200 829 linguae
219 787 410 817 Sanscritae
429 785 536 816 tradet
555 785 639 817 dieb.
658 785 741 817 Lun.
763 786 857 817 Mart.
879 785 945 816 lov.
967 785 997 816 h.
1019 797 1074 818 111.

169 837 370 870 IOANNES
404 836 668 869 LUDOHCUS
700 837 998 875 TELLKAMPF,
1030 836 1092 869 Dr.
1118 838 1155 869 P.
1181 838 1218 870 P.
1244 839 1283 869 (J.
1343 838 1515 871 Publice
1558 840 1580 870 1.
1619 840 1825 882 Repetitoria

66 892 106 923 de
123 892 304 922 oeconomia
318 890 456 932 politica
475 889 620 920 instituet
638 889 708 921 hor.
730 888 829 920 audit.
851 901 966 920 comm.
1010 890 1077 920 Pri
1091 890 1209 921 vatim
1233 890 1273 921 lt.
1302 891 1519 922 Oeconomiam
1539 892 1732 923 nationalem
1752 903 1825 934 pro—

67 948 166 986 ponet
192 942 360 985 quinquies
381 952 438 983 per
457 940 552 972 hebd.
574 941 601 972 h.
623 953 664 972 iv.
721 941 778 972 lli.
806 943 983 972 Scientiam
1003 953 1125 973 mrum.
1150 954 1232 983 qnae
1258 941 1301 971 ad
1325 946 1519 974 oeconomiae
1540 944 1690 984 publicae
1716 955 1826 974 curam

62 997 231 1037 pertinent
248 991 831 1037 (Staatswirthschaftslehre
851 992 950 1025 oder
970 1007 993 1024 s.
1012 1006 1044 1036 g.
1066 993 1544 1036 Wirthschaftspolizei)
1561 995 1827 1027 etdoctrinamde

66 1047 225 1079 reditibus
244 1049 276 1078 et
293 1046 473 1087 sumptibus
488 1045 630 1086 publicis
662 1046 674 1081 ί
688 1045 732 1076 Fi
745 1057 841 1076 nanz
854 1046 1047 1076 wissensc
1059 1045 1075 1075 h
1086 1044 1143 1077 ast
1159 1049 1169 1084 )
1199 1045 1329 1076 docebit
1355 1035 1599 1089 quinquies-‘per
1618 1046 1713 1078 hebd.
1742 1046 1773 1079 h.
1795 1058 1823 1078 v„

170 1097 423 1130 MAURI'PIUS
456 1096 719 1128 LUDOVICUS
755 1097 1110 1134 FRANKENHHIM,
1143 1097 1199 1128 Dr.
1234 1097 1271 1127 P.
1307 1097 1341 1128 P.
1370 1098 1408 1127 (l.
1475 1098 1542 1129 Pri
1556 1099 1766 1130 vntissime
1795 1104 1827 1130 et

66 1151 204 1195 gratis
241 1150 264 1182 l.
305 1150 572 1182 Exercitationes
600 1149 758 1191 pletusicas
790 1148 1011 1180 moderabitur
1043 1149 1073 1180 d.
1090 1151 1156 1180 Sat.
1185 1149 1213 1180 h.
1235 1156 1402 1180 x1.etx11.
1448 1149 1646 1181 Privatim
1676 1150 1719 1181 II.
1740 1150 1824 1192 Pny-

67 1205 156 1236 sicen
175 1202 308 1234 docebit
327 1208 358 1233 et
377 1203 609 1242 emperimentis
627 1200 798 1232 illustrabit
816 1201 983 1244 quinquies
1004 1212 1061 1244 per
1080 1201 1174 1232 hebd.
1196 1201 1225 1232 h.
1247 1211 1308 1232 ΧΗ.

171 1255 198 1286 1.
228 1254 268 1286 C.
296 1253 497 1291 LOEWIG⁷
525 1253 584 1284 Dr.
616 1253 653 1284 P.
683 1252 722 1284 P.
752 1253 793 1284 Ο.
823 1252 892 1284 des.
939 1253 1140 1284 Privatim
1178 1252 1203 1284 l.
1246 1252 1409 1284 Cbemiam
1428 1254 1708 1294 csperimenlalem
1727 1252 1826 1284 doce—

68 1307 114 1339 bit
132 1305 286 1350 quotidie.
324 1306 366 1337 II.
396 1306 561 1337 Chemiam
578 1307 766 1347 organicam
785 1306 964 1347 generalem
991 1304 1162 1347 explicabit
1183 1304 1267 1335 horis
1288 1304 1460 1346 quaternis.
1515 1304 1575 1336 Ill.
1604 1305 1826 1336 Exercitatio-

69 1371 124 1391 nes
138 1360 309 1401 practicus
328 1360 361 1389 in
381 1358 576 1388 laboratorio
595 1358 734 1388 chemico
754 1356 975 1388 moderabitur
993 1356 1147 1400 quotidie.

174 1409 417 1442 AUGUSTUS
444 1409 686 1447 KAHLERT,
713 1409 772 1441 Dr.
791 1409 829 1440 P.
848 1408 887 1440 P.
906 1409 945 1440 E.
965 1408 1032 1440 des.
1083 1408 1255 1440 Publice
1286 1408 1311 1439 I.
1351 1408 1404 1441 De
1422 1410 1475 1444 iis,
1493 1410 1551 1449 qui
1565 1410 1691 1440 nomine
1725 1408 1826 1447 „Ro-

68 1461 293 1496 mantische
321 1458 504 1494 Schule“
532 1460 725 1504 sigmflcari
739 1461 859 1497 solent,
881 1460 987 1502 poetis
1006 1462 1211 1493 Germanicis
1237 1459 1373 1491 disseret
1397 1459 1494 1491 semel
1520 1471 1578 1503 per
1602 1459 1695 1492 hebd.
1718 1459 1747 1491 h.
1766 1469 1827 1491 ΧΠ.

70 1514 271 1547 Privatim
307 1513 349 1545 ΙΙ.
391 1513 588 1545 Rhetoricen
609 1512 742 1544 docebit
759 1519 808 1544 ter
833 1524 891 1555 per
909 1512 1005 1544 hebd.
1026 1512 1057 1544 h.
1076 1523 1139 1544 xli.

174 1565 441 1598 RICHARDUS
469 1564 702 1601 ROEPELL.
728 1564 787 1596 Dr.
808 1564 845 1596 P.
864 1564 903 1599 P.
925 1565 963 1597 E.
983 1564 1050 1596 des.
1104 1563 1275 1595 Publice
1307 1563 1330 1595 Ι,
1377 1564 1555 1594 ›Seminarii
1569 1563 1718 1594 historici
1737 1573 1828 1593 ester-

68 1621 242 1651 citationes
260 1617 421 1649 moderari
441 1622 569 1661 perget.
624 1614 690 1648 Pri
703 1617 823 1648 vatim
864 1617 907 1648 11.
950 1617 1134 1649 Historiam
1153 1617 1361 1647 recentiorum
1381 1617 1553 1656 temporum
1572 1614 1645 1645 inde
1663 1614 1703 1646 ab
1727 1612 1830 1654 resor-

71 1673 210 1704 ntatione
229 1670 339 1702 eccles.
359 1669 502 1701 narrabit
521 1674 635 1712 quater
654 1679 714 1710 per
732 1667 827 1700 hebd.

175 1721 544 1754 GODESCHALCUS
570 1720 817 1753 EDUARDUS
845 1719 1118 1757 GUHRAUER,
1145 1719 1204 1750 Dr.
1226 1718 1263 1749 P.
1282 1717 1320 1749 P.
1340 1717 1380 1749 E.
1433 1717 1603 1748 Publice
1643 1717 1668 1748 1.
1716 1717 1829 1748 Histo-

70 1777 155 1808 riam
174 1776 416 1806 universitatem
437 1773 537 1804 medii
552 1776 626 1804 aevi
643 1771 750 1804 tradet
769 1771 867 1803 semel
886 1783 946 1814 per
966 1771 1059 1803 hebd.
1103 1771 1173 1802 Pri
1185 1769 1303 1802 vatim
1333 1769 1375 1800 ΙΙ.
1407 1770 1589 1801 Historiam
1604 1768 1829 1810 philosophiae

71 1827 162 1870 apud
179 1827 386 1860 Christianos
406 1837 505 1867 usquc
523 1824 568 1856 ad
585 1825 748 1856 saeculum
768 1823 862 1855 XVI.
883 1823 1013 1855 docebit
1032 1830 1082 1854 ter
1103 1833 1167 1866 per
1185 1820 1281 1853 hebd.

176 1878 418 1911 AUGUSTUS
453 1875 814 1916 SCHMOELDERS‚
845 1874 904 1907 Dr.
936 1875 973 1907 P.
1006 1875 1043 1907 P.
1074 1875 1113 1907 E.
1147 1873 1214 1906 des.
1266 1872 1555 1904 Privatissime
1579 1877 1612 1903 et
1638 1871 1777 1902 Gratis
1803 1870 1828 1902 1.

69 1931 339 1974 Arcleaeologiam
357 1933 389 1962 et
400 1928 681 1973 encyclopaediam
700 1929 883 1959 litterarum
899 1927 1115 1959 Arabicarum
1134 1936 1285 1958 enarrare
1303 1929 1422 1967 perget
1440 1923 1470 1955 d.
1487 1923 1568 1955 Lun.
1585 1929 1616 1954 et
1631 1923 1723 1954 Mart.
1738 1921 1767 1953 h.
1784 1933 1828 1953 xi.

71 1983 247 2016 Publice
281 1982 327 2015 II.
382 1983 637 2014 Grammaticam
656 1981 787 2022 linguae
806 1979 969 2011 Arabicae
993 1978 1099 2011 tradet
1119 1977 1197 2009 binis
1216 1988 1275 2019 per
1294 1975 1388 2008 hebd.
1409 1976 1438 2007 h.
1490 1975 1548 2006 111.
1578 1975 1728 2017 Linguae
1746 1975 1813 2005 San

71 2038 194 2068 scritae
212 2036 366 2067 elementa
387 2034 518 2066 docebit
537 2033 566 2065 d.
588 2033 669 2064 Lun.
690 2041 721 2063 et
741 2032 808 2063 Iov.
829 2031 857 2062 h.
877 2042 907 2062 x.

175 2086 458 2119 FRIDERICUS
487 2083 752 2117 GUILELMUS
780 2082 990 2117 WAGNER.
1016 2082 1074 2114 Dr.
1095 2081 1132 2113 P.
1152 2081 1188 2113 P.
1207 2080 1245 2111 E.
1307 2078 1479 2111 Publice
1513 2077 1537 2109 Ῐ.
1567 2077 1831 2109 Exercitationes

73 2141 195 2172 Latine
214 2138 366 2181 loquendi
382 2141 413 2170 et
431 2137 597 2169 scribendi
612 2136 755 2168 instituet
775 2134 805 2166 d.
826 2134 908 2166 Lun.
929 2141 959 2166 et
981 2135 1046 2165 lov.
1067 2133 1095 2164 h.
1117 2143 1155 2164 Π.
1204 2131 1400 2163 Privatim
1428 2130 1470 2162 II.
1510 2130 1680 2160 Historiae
1704 2129 1828 2160 littera—

72 2203 143 2224 rum
162 2192 364 2224 Graecarum
380 2193 510 2232 partem
530 2189 665 2221 alteram
686 2187 847 2219 enarrabit
867 2186 1011 2229 quotidie
1030 2185 1059 2217 h.
1081 2195 1155 2216 vill.

176 2242 425 2275 ADOLPHUS
450 2240 652 2279 DUFLOS‚
677 2239 736 2271 Dr.
754 2238 792 2271 P.
814 2238 850 2270 P.
868 2239 908 2270 Ε.
928 2237 994 2269 des.
1048 2236 1220 2268 Publice
1251 2235 1275 2266 Ι.
1309 2235 1460 2266 Clmm‘ae
1478 2233 1663 2273 analyticae
1677 2232 1829 2262 elementa

71 2295 204 2328 docebit
234 2295 282 2327 bis
313 2305 373 2338 per
403 2293 498 2325 hebd.
533 2293 561 2324 h.
596 2303 655 2324 vu.
732 2290 934 2323 Privatim
974 2290 1017 2321 ll.
1062 2289 1226 2321 cheensem
1253 2287 1555 2328 pharmaceuticum
1587 2282 1693 2315 tradet
1723 2282 1827 2325 quoti-

74 2347 127 2380 die
156 2347 186 2380 h.
222 2358 264 2379 vr.
