1968 2599
982 110 1036 152 20

130 229 278 257 ceterum
322 223 353 254 in
386 220 501 252 iisdem
540 218 639 250 codd.
680 218 804 261 legitur
837 218 961 258 plana,
998 228 1061 248 nec
1093 216 1190 248 video
1225 216 1396 258 quomodo
1429 228 1517 260 quae
1556 222 1744 260 sequuntur
1772 217 1903 261 possint

131 282 188 307 aut
206 274 249 306 ad
268 273 412 305 tramites
433 270 541 302 onmia
567 275 624 302 aut
649 269 690 300 ad
710 274 859 300 mortuos
879 268 1025 300 Marciae
1045 273 1211 311 cognatos
1231 267 1366 307 referri;
1393 280 1496 311 quare
1517 269 1671 311 suspicor
1689 268 1720 300 in
1740 268 1805 301 hoc
1823 269 1900 302 loco

130 338 232 370 grave
251 325 359 357 adhuc
378 323 488 354 vitium
513 322 662 354 haerere.
689 340 739 344 —
768 316 884 354 CAP.
910 316 1057 360 XXVI,
1089 318 1119 352 l.
1148 319 1350 351 Particulam
1369 323 1419 356 et,
1447 320 1500 352 cui
1518 320 1560 352 F.
1587 320 1650 351 vim
1672 320 1902 364 explicalivam

132 378 259 411 tribuit.
287 387 352 418 ego
378 373 548 406 ferendam
574 373 626 404 hic
645 384 710 403 non
735 371 839 415 magis
860 371 1011 403 existimo
1032 383 1130 414 quam
1149 382 1250 414 supra
1269 383 1298 403 c.
1321 373 1380 403 22.
1403 373 1437 404 6.
1457 390 1509 396 —-
1553 368 1636 406 ibid.
1659 374 1682 412 δ
1702 369 1738 404 2.
1767 373 1902 405 Rectis-

132 429 210 461 sime
230 427 269 458 F.
298 426 378 458 vidit
396 427 427 457 in
447 426 609 468 scriptura
628 423 681 455 illa
702 423 816 466 optimi
835 422 912 455 cod.
935 426 958 455 Α
981 429 1013 455 et
1032 423 1188 455 aliorum:
1214 423 1300 465 quod
1325 425 1393 456 inte
1418 424 1530 455 domus
1554 426 1662 455 status
1682 426 1750 456 inte
1768 426 1839 466 ipse
1857 423 1904 456 ad

132 482 266 511 maiores
285 480 408 519 recepi!
426 489 499 508 suos
518 475 763 508 terminationes
785 486 859 507 esse
879 475 1040 514 omissas‚·
1058 476 1171 518 itaque
1191 486 1252 518 pro
1272 474 1327 506 illo
1348 477 1416 507 inte
1436 475 1576 507 eandem
1596 487 1713 508 vocem
1733 475 1782 507 bis
1801 487 1901 519 repo-

131 530 270 563 nendam
295 534 386 561 ratus
411 528 558 571 scripsit:
591 527 674 569 qnod
698 529 823 569 iniegro
850 527 960 559 domus
984 530 1075 559 statu
1101 529 1229 569 integra
1250 529 1281 558 le
1308 529 1381 568 ipsa
1401 527 1447 558 ad
1464 530 1603 559 maiores
1621 539 1656 559 se
1674 530 1799 569 recepit
1816 539 1902 560 snos.

130 584 239 623 Atque
258 581 362 624 ipsam
382 579 513 623 quidem
533 578 731 610 emendandi
749 579 911 611 rationem
931 579 1051 622 probo,
1077 578 1138 610 sed
1159 577 1277 610 eadem
1305 578 1405 621 paulo
1426 578 1523 610 aliter
1541 584 1634 617 ut0r3
1663 578 1796 610 nimium
1816 579 1904 611 enim

130 632 259 665 videtur
284 637 318 664 et
343 635 374 663 le
400 631 523 663 addere
550 636 584 662 et
612 641 796 673 pronomen
822 634 891 672 ipse
916 636 1045 662 mutare
1070 631 1103 662 in
1129 633 1221 672 ipsa,
1248 630 1444 672 praesertim
1471 641 1546 662 cum
1571 631 1603 662 in
1627 630 1760 674 integro
1782 630 1902 663 domus

131 690 217 716 statu
236 684 307 726 ipsa
328 684 423 715 etiam
444 682 566 714 Marcia
586 682 827 725 comprehensa
845 682 905 721 sit;
927 688 1103 725 praeterea
1122 694 1157 714 se
1175 693 1361 725 pronomen
1380 681 1508 714 facilius
1525 681 1682 714 excidere
1701 683 1811 726 potuit
1825 686 1904 725 post

130 739 222 778 ipse;
239 736 352 778 itaque
371 735 418 766 sic
436 734 569 776 scripsi:
596 734 680 776 quod
699 737 824 776 iulegro
843 734 954 765 (lomus
972 737 1062 766 siaiu
1082 737 1208 776 integer
1227 736 1298 776 ipse
1316 746 1350 765 se
1369 734 1414 765 ad
1438 745 1477 765 m.
1503 746 1530 765 r.
1550 746 1576 765 s.
1630 734 1709 777 Ipse
1729 733 1902 776 quomodo

129 787 261 831 integer
286 786 385 818 fuerit
409 785 603 828 intelligitur
629 797 669 817 ex
704 797 732 818 c.
756 787 814 821 22.
843 787 874 817 2.
898 786 931 817 3.
963 786 1022 825 23,
1045 786 1078 817 ὃ.
1117 787 1177 824 ⁶24,
1199 786 1233 825 3,
1263 785 1453 827 eodemque
1479 785 1647 828 pertinent
1671 785 1773 817 verba
1791 785 1904 818 statim

130 838 314 882 sequentia.
334 856 383 861 --
406 833 489 869 ibid.
512 839 534 876 ᾖ·
551 835 584 869 3.
611 837 726 869 Locus
748 837 857 868 adhuc
876 837 1144 880 corruptissimus
1162 837 1250 869 visus
1273 843 1335 875 est,
1357 849 1456 880 quern
1476 848 1494 869 e
1509 837 1690 881 Bongarsii
1708 837 1904 870 coniectura.

129 890 170 922 F.
195 890 242 921 sic
267 889 385 921 edidit:
414 889 482 920 cibo
505 888 690 930 proleibilns
716 889 846 920 aslemli
869 901 964 931 quam
990 901 1104 931 magno
1130 900 1177 920 me
1204 892 1333 921 iuraret
1357 892 1464 921 animo
1488 891 1680 931 scripsisse,
1711 889 1844 933 ancipiti
1869 893 1905 921 et

130 953 244 985 parum
259 940 420 973 verisimili
437 940 613 972 verborum
629 940 862 974 collocatione.
884 952 983 983 quam
997 940 1039 972 F.
1058 940 1191 983 quidem
1207 941 1253 972 sic
1270 940 1430 984 explicat:
1451 952 1549 984 quam
1565 953 1617 973 me
1632 941 1762 973 iuvaret
1779 951 1902 985 magno

129 993 235 1025 animo
255 992 443 1035 scripsisse3
464 997 597 1035 poterat
617 993 715 1024 etiam
733 992 797 1024 sic:
819 1004 914 1034 quam
935 1004 1057 1036 magno
1078 993 1185 1024 animo
1205 993 1379 1036 scripsisse
1399 1004 1451 1024 me
1470 993 1610 1025 iuvaret.
1651 992 1714 1025 Alii
1733 1004 1808 1024 cum
1829 992 1901 1036 qui-

129 1044 266 1076 busdam
293 1043 391 1076 codd.
419 1043 538 1075 eodem
565 1049 698 1076 servato
728 1044 845 1076 ordine
874 1055 939 1076 non
960 1048 1088 1077 int-aret
1106 1044 1168 1076 sed
1188 1047 1278 1076 iaz-at
1294 1044 1483 1077 ediderunt.
1540 1044 1732 1077 Gronovius
1752 1045 1902 1088 scripsit:

130 1108 223 1138 qnam
246 1107 359 1138 >magno
387 1099 418 1127 el
442 1107 538 1137 quam
556 1099 665 1127 vivaci
688 1099 794 1127 (mimo
812 1099 1028 1139 scripsissem.
1082 1097 1170 1128 Tota
1192 1095 1383 1140 depravatio
1404 1103 1477 1129 orta
1497 1103 1546 1129 est
1565 1108 1584 1128 e
1605 1096 1736 1129 duobus
1755 1096 1904 1129 tribusve

130 1148 222 1185 vitiis,
244 1159 329 1189 quae
348 1147 457 1190 qualia
476 1148 540 1179 sint
559 1148 683 1191 optime
699 1147 799 1180 docet
818 1147 894 1180 cod.
912 1150 949 1180 A.
967 1149 997 1180 in
1015 1159 1081 1191 quo
1102 1147 1260 1191 scriptum
1278 1154 1346 1180 est:
1367 1160 1463 1190 qnam
1482 1149 1577 1180 uibar
1593 1151 1700 1181 auimo
1718 1149 1902 1181 scribsisse.

131 1198 248 1230 deinde
276 1211 342 1230 non
368 1204 522 1231 correcto
548 1199 603 1231 illo
632 1200 726 1231 uibar
746 1200 865 1231 omissa
885 1200 985 1232 verba
1005 1200 1036 1232 in
1056 1200 1206 1244 margine
1225 1200 1338 1232 addita
1358 1200 1459 1233 haec:
1487 1212 1602 1243 magno
1621 1212 1670 1232 me
1687 1212 1795 1242 quam,
1815 1211 1904 1243 quae

130 1251 170 1282 ab
196 1251 263 1282 aliis
295 1250 416 1282 deinde
441 1251 527 1282 inter
546 1262 646 1282 voces
671 1264 764 1292 quam
795 1257 828 1283 et
855 1253 949 1283 uibar
976 1252 1065 1284 illata
1091 1258 1124 1284 et
1151 1252 1239 1284 varie
1259 1252 1435 1284 emendata
1455 1257 1548 1291 sunt;
1576 1252 1652 1284 mihi
1672 1263 1751 1284 vero
1770 1251 1904 1284 videtur

129 1302 276 1334 librarius
296 1302 382 1334 sacili
402 1314 515 1334 errore
535 1314 600 1334 non
622 1310 777 1335 accurate
796 1303 1004 1347 supplevisse
1031 1303 1167 1342 omissa:
1192 1316 1309 1336 vocem
1336 1316 1433 1346 quam
1458 1304 1544 1336 enim
1569 1315 1610 1336 ex
1636 1303 1819 1336 abundanti
1843 1303 1903 1336 ad-

130 1353 210 1386 didit
236 1365 300 1386 non
321 1354 397 1397 quia
417 1355 537 1386 omissa
557 1360 629 1386 erat
653 1354 713 1386 sed
739 1361 776 1387 ut
801 1354 975 1395 indicaret,
1003 1356 1033 1387 in
1055 1367 1120 1398 qua
1141 1367 1223 1388 voce
1242 1357 1407 1399 scriptura
1433 1356 1701 1396 conanum-etun
1726 1361 1905 1399 praeterea

129 1409 193 1437 iam
216 1417 328 1438 vocem
348 1417 434 1449 quae
455 1411 526 1438 erat
545 1417 580 1438 re
599 1418 676 1438 vera
697 1407 829 1447 omissa,
855 1407 1012 1451 neglexit.
1071 1409 1184 1443 Quare
1212 1420 1278 1451 ego
1306 1408 1353 1440 sic
1379 1407 1592 1440 scribendum
1619 1408 1750 1451 putavi:
1777 1407 1908 1440 ostendi

129 1460 193 1488 lam
222 1469 335 1499 magno
363 1469 409 1489 me
433 1469 529 1499 quam
554 1459 687 1490 ridebo]-
713 1462 820 1491 am'mo
845 1462 1027 1501 scripsisse.
1055 1471 1120 1502 qua
1147 1459 1381 1492 emendatione
1406 1460 1483 1491 nihil
1503 1459 1648 1499 sacilius3
1674 1459 1740 1491 vid.
1760 1458 1902 1503 praefat.

130 1520 206 1552 pag.
232 1509 323 1541 VIII.
345 1520 407 1541 nec
427 1509 548 1541 desunt
567 1510 687 1542 similes
707 1510 909 1551 sententiae3
937 1510 1001 1543 vid.
1022 1511 1110 1543 Dial.
1131 1511 1193 1552 XI,
1218 1513 1275 1551 11,
1298 1512 1331 1544 6.
1353 1524 1392 1544 ηε
1410 1514 1618 1551 commiseris,
1636 1515 1672 1543 ut
1691 1514 1838 1554 quisquis
1852 1529 1904 1537 ——

129 1563 251 1602 scripta
271 1564 327 1592 lna
353 1562 542 1599 mirabilzlr,
569 1565 716 1604 quaeras.
740 1563 892 1604 quomodo
911 1566 979 1594 Iam
997 1563 1140 1605 grandia
1160 1567 1290 1605 lamque
1313 1564 1418 1595 solida
1444 1562 1665 1606 lamsragilis
1684 1566 1812 1595 animus
1831 1574 1903 1595 con-

129 1615 259 1653 ceperit.
288 1631 337 1636 ——-
364 1608 449 1645 ibid.
477 1614 500 1651 ξ
525 1611 561 1645 5.
590 1613 662 1645 Nisi
688 1613 774 1646 sorte
800 1626 913 1646 verum
934 1620 1002 1655 est,
1030 1614 1122 1657 quod
1141 1608 1264 1647 habent
1283 1614 1351 1647 duo
1372 1615 1472 1647 codd.
1495 1615 1700 1647 recentiores
1719 1617 1904 1647 contextam

130 1666 252 1703 seriem,
271 1664 454 1706 putaverim
472 1667 587 1696 seriem
606 1665 777 1708 glossema
796 1678 871 1698 esse
892 1665 1058 1698 adiectum
1079 1666 1119 1698 ad
1136 1670 1342 1706 co7deoel21m;
1360 1667 1425 1699 vid.
1446 1666 1489 1699 ad
1510 1679 1538 1699 c.
1557 1668 1590 1708 3,
1606 1668 1640 1699 4.
1657 1686 1707 1691 —
1725 1662 1809 1699 ibid.
1827 1668 1851 1706 ἓ
1865 1664 1901 1700 6.

131 1716 293 1757 Suspecta
312 1715 388 1747 mihi
408 1715 475 1747 visa
496 1721 627 1754 esta-ox
648 1729 765 1756 secum,
785 1729 871 1761 quae
892 1718 988 1750 deest
1007 1718 1038 1750 in
1058 1720 1086 1750 A
1106 1718 1183 1750 cod.
1205 1718 1265 1751 sed
1286 1724 1337 1751 est
1356 1725 1466 1751 tamen
1485 1719 1516 1764 in
1536 1719 1686 1762 margine
1705 1717 1831 1750 addita.
1853 1735 1903 1743 -—·

129 1766 231 1798 Multa
252 1773 327 1799 sunt
345 1773 521 1810 praeterea
541 1769 639 1800 etiam
658 1769 688 1800 in
708 1769 763 1809 iis,
791 1781 877 1813 quae
897 1776 1037 1814 tangere
1065 1782 1130 1802 non
1150 1770 1259 1810 licuit,
1285 1770 1385 1802 dubia
1405 1782 1444 1802 ac
1470 1770 1632 1810 difficilia3
1665 1769 1726 1802 sed
1746 1769 1902 1812 quoniam

129 1823 234 1850 totum
253 1818 369 1851 librum
388 1824 595 1862 pertractare
614 1820 710 1853 liuius
730 1821 795 1853 loci
815 1822 975 1865 angustiis
996 1822 1220 1865 prohibemur,
1241 1822 1324 1854 haec
1343 1822 1422 1855 boni
1441 1823 1615 1856 consulite.
1671 1821 1800 1855 Valete.

278 1921 448 1954 Dabamus
468 1923 684 1956 Vratislaviae
710 1935 823 1956 mense
842 1924 997 1956 Ianuario
1019 1936 1048 1956 a.
1070 1925 1329 1958 MDCCCLIII.
