1968 2599
930 149 956 192 9

10 279 11 302 ;
54 264 161 295 ametu
186 263 236 293 ire
262 272 393 292 cessura
419 270 480 303 pro
508 261 594 290 amet
617 260 653 289 ut
671 269 851 289 recessura.
889 268 918 289 c.
944 258 1000 297 18,
1024 259 1056 289 7.
1080 260 1113 289 ei
1128 259 1292 299 spectatur
1311 268 1371 300 pro
1392 261 1424 289 et
1445 261 1618 298 spectator.
1657 270 1685 289 c.
1708 259 1766 291 23.
1789 260 1822 292 5.

54 314 212 346 indictum
230 324 290 356 pro
311 313 486 349 imlicimm
514 322 542 342 c.
566 310 631 347 26,
653 311 684 342 6.
705 313 737 340 72¹1·
758 311 857 341 alsam
877 320 937 352 pro
958 312 990 340 su
1011 310 1122 340 allum.
1158 309 1244 341 Dial.
1265 310 1292 350 Ι,
1315 310 1349 349 3,
1374 311 1404 340 1.
1433 313 1464 340 m·
1480 313 1565 341 rot-te
1592 321 1650 353 pro
1678 313 1709 342 ct
1727 314 1822 342 recte.

53 365 143 398 Dial.
164 364 258 405 VIII,
280 366 314 404 5,
338 366 371 396 7.
391 366 538 405 eiusque
556 373 616 405 pro
637 365 668 393 et
686 373 794 404 usque.
831 361 919 393 Dial.
940 361 1002 399 IX,
1026 363 1058 401 1,
1080 362 1113 393 S.
1130 362 1333 404 paedagogit
1349 372 1409 404 pro
1427 362 1635 404 paedagogis.
1656 362 1703 394 sic
1717 373 1821 405 supra

54 429 84 450 c.
106 419 140 458 5,
162 418 195 449 2.
217 416 310 448 aliud
327 421 446 456 ortum,
467 426 543 447 cum
562 419 650 445 esset
668 415 779 445 altum.
800 419 833 445 et
853 412 917 445 vid.
937 412 1021 444 infra
1041 412 1082 444 ad
1102 425 1130 444 c.
1154 414 1219 454 21,
1241 414 1274 446 6.
1309 414 1457 457 Apparet
1482 413 1545 445 iam
1570 414 1671 457 longe
1698 414 1762 446 alio
1789 420 1823 447 et

53 469 156 513 longe
184 469 311 512 aptiore
333 478 433 499 sensu
462 466 527 499 dici
551 473 689 498 mortem
711 466 806 497 unius
826 465 991 509 singultus
1013 476 1097 508 opus
1125 476 1216 505 esse;
1241 465 1436 509 intelligitur
1460 465 1545 496 enim
1571 465 1664 508 quod
1691 467 1822 499 Seneca

9 543 10 551 ἶ
54 520 132 552 alibi
152 520 232 552 dixit
250 521 396 552 ultimum
414 522 603 562 suspirium,
622 518 701 550 Nat.
725 518 876 554 Quaestt.
890 517 946 557 VI,
968 518 1028 556 32,
1050 518 1083 549 S.
1105 528 1143 548 ac
1163 529 1204 548 ne
1224 518 1296 560 quis
1317 517 1456 557 dubitet,
1477 516 1565 548 addo
1585 517 1695 549 locum
1715 519 1820 555 Quin-

55 573 101 605 til.
123 572 308 604 declamatt.
329 571 425 612 XIX,
447 583 475 603 c.
500 572 557 603 15.
578 571 642 608 ille,
661 581 720 612 quo
740 569 890 601 redditur
909 571 1030 607 anima,
1055 570 1228 611 singultu-5.
1269 570 1304 602 Si
1323 569 1395 612 quis
1424 569 1510 601 forte
1539 568 1580 601 de
1601 570 1742 613 suspirio
1762 570 1818 602 illo

55 623 272 668 cogitandum
291 635 366 655 esse
387 629 517 663 censet,
545 622 587 654 de
615 633 680 664 quo
707 627 818 654 narrat
839 622 969 653 Seneca
992 621 1087 664 epist.
1110 622 1168 652 54.
1196 621 1272 653 mihi
1297 621 1373 653 nihil
1398 622 1560 653 interesse
1583 621 1726 662 xidetur,
1754 633 1821 665 quo

58 677 130 720 quis
149 675 250 708 modo
271 675 313 707 ad
332 682 535 719 postremum
552 674 641 706 illum
661 673 842 717 singultum
861 672 1066 716 pervenerit;
1087 684 1161 704 nam
1179 673 1210 705 in
1230 674 1346 705 morbo
1367 685 1503 717 quoque
1521 673 1576 705 illo
1598 685 1681 705 unus
1696 680 1823 707 tantum

56 734 122 769 est,
148 728 204 772 qui
231 728 302 760 finit
328 728 444 767 vitam3
478 726 580 767 „facit
605 726 691 758 enim
723 725 901 768 aliquando
927 725 1060 768 spiritus
1091 725 1163 766 ille,
1195 725 1287 768 quod
1313 738 1414 769 saepe
1440 731 1578 757 conatus
1605 729 1679 757 est⁴⁶
1718 732 1754 758 ut
1780 727 1823 758 ait

55 781 188 812 Seneca
215 792 267 824 ep.
295 781 361 820 54,
391 781 423 811 2.
461 778 582 810 Redeo
616 777 657 810 ad
690 778 790 809 verba
819 777 1067 818 antecedentia,
1100 788 1187 820 quae
1212 778 1253 809 F.
1281 778 1328 809 sic
1352 778 1498 821 scripsit:
1524 789 1605 819 qna,
1626 789 1746 820 parum
1771 790 1822 810 re—

53 835 224 875 pentinum
250 843 320 863 cum
352 832 448 863 audit
477 834 510 862 et
534 843 575 862 ea:
599 833 780 872 inproviso,
815 842 911 861 sonus
937 830 1071 862 auribus
1094 832 1204 871 gravis
1231 833 1373 869 excutit,
1403 832 1466 861 soli
1493 841 1618 872 semper
1647 830 1713 861 sibe·
1737 833 1822 862 mttr.

54 895 84 916 v.
112 887 144 916 et
170 885 294 916 inutile.
333 883 365 915 in
392 883 440 914 his
462 894 581 925 parum
607 882 790 925 particulae
817 882 878 913 vim
904 882 1009 914 minus
1035 881 1186 913 usitatam
1212 882 1343 921 tribuit,
1379 893 1476 924 quam
1502 882 1720 925 comprobare
1754 888 1822 914 stu-

57 935 128 968 duit
154 935 230 967 loco
258 935 352 978 epist.
383 935 473 974 116,
503 935 535 966 6.
562 940 644 977 puto
672 934 774 966 voluit
802 933 925 965 dictum
945 946 1019 966 esse
1047 945 1107 977 pro
1137 937 1331 975 temperate,
1357 934 1501 972 ⁷nod1'ce,·
1527 933 1587 965 sed
1611 934 1670 965 toti
1690 939 1823 966 senten-

55 987 121 1020 tiae
149 999 247 1031 quam
272 987 335 1018 vim
355 986 521 1025 tribuerit,
548 998 657 1028 neque
685 986 756 1028 ipse
782 985 861 1017 dixit
886 997 995 1029 neque
1023 998 1088 1029 ego
1108 986 1252 1028 reperio.
1285 985 1454 1018 Audacius
1475 986 1665 1017 Gronovius
1685 992 1721 1017 ut
1739 986 1823 1018 tole-

56 1039 192 1071 rabilem
224 1039 420 1071 sententiam
452 1038 603 1078 eliceret,
641 1038 744 1081 Lipsii
774 1038 912 1081 vestigia
945 1050 1089 1081 sequens
1121 1038 1168 1069 sic
1199 1038 1345 1081 scripsit:
1385 1050 1475 1080 quem
1503 1049 1606 1080 paror
1635 1041 1824 1080 repentinus

56 1091 242 1124 ade'ectusve
268 1103 309 1123 ex
337 1093 507 1133 improviso
531 1102 627 1121 sonus
651 1090 785 1122 auribus
810 1093 922 1132 grat-is
947 1093 1082 1122 excutit.
1115 1090 1249 1133 Lipsius
1274 1101 1333 1133 pro
1354 1090 1539 1121 adiectum-e
1558 1090 1748 1122 coniecerat
1766 1093 1825 1122 aut

56 1146 152 1182 ἅρπη
179 1143 240 1175 sed
267 1155 306 1175 ea
326 1148 418 1175 recte
436 1142 561 1174 iudicat
584 1142 624 1174 F.
646 1142 696 1173 vix
716 1153 816 1185 posse
836 1142 939 1174 latere
958 1142 988 1174 in
1009 1141 1163 1174 codicum
1178 1142 1358 1185 scripturis.
1398 1143 1521 1174 Verum
1546 1153 1612 1185 ego
1632 1154 1684 1173 me
1703 1141 1824 1174 vidisse

55 1195 87 1227 in
106 1195 171 1228 hoc
190 1195 348 1235 arbitror,
371 1194 463 1237 quod
481 1206 541 1238 pro
557 1206 677 1237 parum
696 1194 812 1237 scripsi
826 1197 971 1236 partum,
991 1201 1024 1226 et
1043 1206 1103 1237 pro
1123 1195 1236 1226 audiet
1254 1198 1285 1226 et
1304 1197 1474 1236 improviso
1494 1193 1639 1226 scribere
1660 1194 1748 1225 volui
1767 1206 1825 1226 αα-

57 1247 147 1279 ditus
165 1259 206 1279 ex
225 1250 395 1289 improviso
404 1260 418 1285 ;
443 1258 517 1278 nam
542 1259 583 1278 est:
601 1247 802 1290 praepositio
823 1258 882 1289 per
901 1257 1047 1278 errorem
1066 1247 1098 1278 in
1118 1245 1171 1277 ed.
1193 1258 1264 1277 mea
1284 1245 1423 1283 excidit3
1452 1252 1598 1278 ceterum
1618 1245 1706 1277 nulla
1725 1246 1756 1277 in
1775 1246 1825 1278 his

56 1299 194 1331 mutatio
216 1298 410 1331 defensione
427 1303 520 1342 eget3
540 1310 614 1330 nam
634 1298 715 1330 illud
735 1310 882 1341 quoque,
903 1298 994 1341 quod
1014 1299 1148 1330 auditus
1162 1309 1223 1340 pro
1239 1299 1352 1330 audiet
1366 1298 1493 1341 scripsi,
1513 1298 1543 1329 in
1560 1297 1629 1329 aliis
1646 1297 1769 1330 codicis
1784 1299 1823 1330 A.

56 1351 204 1394 partibus
230 1351 365 1394 probari
390 1362 455 1382 non
480 1356 608 1393 potest,
634 1351 665 1382 in
692 1350 753 1382 hac
779 1355 901 1393 potest,
930 1351 962 1382 in
989 1362 1054 1394 qua
1080 1362 1199 1382 vocum
1224 1351 1471 1382 terminationes
1496 1362 1598 1393 saepe
1624 1349 1824 1393 depravatae

58 1408 152 1443 sunt,
180 1403 276 1435 sicuti
295 1414 323 1435 c.
346 1404 380 1443 9,
404 1404 435 1434 1.
461 1403 611 1434 admonet
635 1403 792 1445 scriptum
819 1408 870 1434 est
895 1414 954 1446 pro
982 1404 1197 1434 admonemur.
1236 1403 1349 1438 Quare
1377 1403 1571 1434 sententiam
1596 1402 1754 1434 habemus
1782 1402 1824 1434 de

57 1460 155 1498 partu
175 1455 361 1497 repentino,
383 1454 439 1497 qui
457 1466 524 1486 non
543 1455 609 1486 ulla
628 1455 658 1486 vi
676 1455 801 1486 maiore
821 1454 881 1486 sed
901 1454 1014 1486 audito
1036 1466 1076 1486 ex
1095 1454 1271 1497 improviso
1291 1466 1374 1486 sono
1390 1455 1523 1486 auribus
1539 1455 1632 1498 gravi
1648 1454 1824 1495 excutitur,

59 1511 170 1549 aptam
196 1506 282 1538 illam
308 1506 460 1549 profecto
486 1506 562 1538 loco
588 1506 677 1546 huic,
703 1507 759 1538 ubi
788 1506 830 1538 de
856 1507 993 1539 hominis
1020 1507 1244 1538 imbecillitate
1263 1507 1392 1550 agitur,
1420 1519 1529 1549 neque
1549 1518 1621 1538 eam
1640 1512 1749 1538 tamen
1769 1512 1827 1538 aut

61 1570 135 1590 cum
151 1557 426 1590 antecedentibus
446 1564 504 1590 aut
522 1570 597 1590 cum
615 1558 832 1601 sequentibus
852 1559 958 1590 verbis
979 1558 1154 1590 commode
1175 1559 1380 1601 copulatam3
1408 1570 1482 1590 nam
1510 1558 1563 1589 illa
1591 1570 1676 1600 quae
1704 1557 1825 1590 deinde

59 1609 234 1654 leguntur:
253 1611 316 1642 soli
331 1622 456 1652 semper
474 1610 540 1641 sibi
556 1613 784 1642 nutrimentum
804 1614 952 1642 vitiosum
971 1614 1002 1642 et
1023 1612 1148 1650 inutile,
1167 1610 1276 1642 fateor
1294 1623 1346 1642 me
1365 1623 1430 1642 non
1450 1611 1527 1642 satis
1548 1610 1745 1654 intelligere,
1765 1611 1827 1642 nisi

60 1661 203 1694 addatur
220 1665 351 1704 quaerit
369 1662 419 1693 vel
440 1662 543 1694 simile
563 1662 655 1705 quid,
676 1669 708 1694 et
728 1674 813 1704 quae
834 1662 1001 1694 antecedit
1020 1674 1083 1694 vox
1102 1675 1165 1705 qua
1187 1663 1329 1694 obscura
1349 1670 1399 1694 est
1418 1662 1609 1700 admodum,
1630 1662 1680 1693 vix
1696 1668 1732 1694 ut
1746 1674 1826 1694 sana

60 1713 163 1746 videri
181 1714 296 1757 possit,
318 1715 378 1746 nisi
397 1713 483 1746 forte
503 1726 543 1746 eo
563 1714 638 1746 loco
659 1714 754 1757 plura
773 1714 835 1746 alia
855 1714 1068 1754 exciderunt,
1097 1715 1216 1758 quibus
1245 1721 1277 1746 et
1303 1714 1386 1746 ordo
1414 1715 1569 1746 orationis
1595 1714 1827 1746 restitueretur

62 1772 95 1798 et
112 1777 175 1808 qua
194 1766 275 1798 illud
295 1766 506 1798 commodum
525 1766 723 1810 explicatum
743 1767 927 1809 acciperet;
954 1778 1073 1798 vereor
1098 1774 1204 1799 tamen
1217 1791 1225 1805 ‚
1252 1778 1294 1798 ne
1316 1766 1399 1798 haec
1419 1779 1481 1798 vox
1501 1778 1519 1797 a
1537 1766 1696 1809 singulari
1715 1766 1824 1809 aliquo

61 1817 113 1849 vel
131 1829 223 1850 more
241 1818 293 1850 vel
313 1830 430 1850 errore
455 1818 577 1850 librarii
603 1819 763 1862 originem
790 1818 925 1859 habeatg
951 1831 1025 1850 nam
1051 1818 1146 1850 etiam
1166 1818 1253 1850 Dial.
1274 1819 1317 1859 X,
1340 1821 1372 1858 2,
1391 1821 1410 1850 2
1433 1831 1473 1850 eo
1493 1818 1581 1855 loco,
1606 1818 1661 1849 ubi
1682 1830 1747 1862 ego
1767 1830 1825 1850 vo—

62 1881 135 1901 cem
153 1882 232 1902 cura
250 1870 359 1913 posui,
380 1871 433 1901 alii
450 1870 502 1901 vel
520 1871 625 1902 odium
646 1870 695 1902 vel
716 1871 859 1902 laedium
878 1871 957 1914 poni
975 1871 1163 1907 voluerunt,
1183 1871 1215 1902 in
1235 1870 1310 1902 cod.
1328 1872 1364 1902 A.
1382 1883 1444 1913 qm]
1465 1871 1598 1913 legitur,
1619 1876 1651 1901 et
1666 1870 1708 1902 ib.
1725 1870 1824 1913 paulo

63 1927 139 1964 post
156 1922 187 1953 in
206 1933 304 1954 versu
323 1923 379 1965 qui
398 1921 571 1954 Menandri
596 1922 711 1962 fertur,
739 1928 796 1954 aut
814 1935 876 1964 qna
898 1929 1089 1966 corruptum
1115 1930 1166 1955 est
1191 1928 1247 1954 aut
1266 1930 1356 1954 certe
1382 1928 1458 1966 post
1479 1934 1550 1954 eam
1570 1933 1684 1953 vocem
1705 1921 1827 1953 excidit

62 1985 142 2011 ⁷1os‚·
177 1974 253 2005 item
272 1974 359 2006 Dial.
380 1974 455 2013 VII,
477 1976 536 2014 22,
560 1976 575 2005 1
600 1974 714 2006 vitiose
734 1974 857 2018 legitur
882 1975 913 2006 in
940 1974 1016 2007 cod.
1036 1976 1082 2006 A:
1109 1978 1141 2006 e'u
1164 1977 1388 2017 paupertate?
1414 1987 1476 2017 qua
1498 1995 1562 2005 -—.
1590 1980 1621 2005 et
1647 1985 1760 2005 rursus
1779 1973 1823 2005 ib.

64 2036 91 2056 c.
114 2026 173 2065 10,
194 2025 227 2065 3,
247 2025 301 2057 ubi
321 2025 532 2058 scribendum
551 2026 677 2058 credidi
693 2039 749 2058 nec
764 2029 796 2057 se*
808 2028 970 2069 probarit,
989 2027 1020 2058 in
1037 2026 1156 2058 eodem
1173 2026 1290 2058 codice
1306 2033 1356 2059 est
1370 2039 1428 2058 ηει-
1447 2026 1717 2069 qm1s2'pr0baz·2·t,
1737 2025 1826 2057 unde

63 2076 117 2108 alii
135 2077 280 2109 scribere
299 2078 485 2110 maluerunt
503 2091 560 2110 nec
579 2090 660 2120 quas
674 2079 837 2120 probaril,
857 2079 973 2118 minus,
995 2085 1030 2111 ut
1050 2086 1142 2121 puto,
1162 2079 1387 2121 probabiliter.
1427 2078 1495 2110 Sed
1516 2077 1677 2120 quidquid
1696 2077 1760 2109 hoc
1779 2077 1827 2109 rei

65 2133 127 2168 est,
148 2135 238 2160 certe
257 2140 323 2161 non
341 2136 406 2161 tam
424 2131 455 2162 in
476 2142 541 2162 una
560 2130 621 2162 hac
641 2142 723 2162 voce
743 2143 805 2172 qno
825 2131 942 2162 haeret
961 2131 1056 2163 huius
1076 2130 1139 2162 loci
1160 2130 1351 2171 difficultas,
1379 2142 1475 2173 quam
1502 2131 1533 2161 in
1560 2130 1732 2161 universae
1754 2140 1826 2160 ora-

64 2179 161 2212 tionis
187 2192 291 2221 nexu,
319 2182 372 2213 cui
395 2182 422 2213 si
448 2194 513 2225 qua
539 2188 650 2225 potest
669 2182 833 2214 medicina
851 2183 1008 2226 reperiri,
1029 2182 1168 2214 feliciori
1188 2182 1376 2214 divinationi
1397 2182 1558 2224 relinquo.
1579 2201 1629 2205 —
1665 2182 1825 2213 Extremo

64 2231 130 2263 hoc
149 2233 256 2275 capite
275 2233 388 2276 recepi
407 2234 497 2276 quod
518 2234 664 2277 quamvis
684 2235 844 2266 truncatis
864 2235 984 2266 xe1b01
988 2246 1040 2266 um
1060 2234 1344 2266 1e1minationibus
1370 2234 1429 2265 sed
1455 2235 1499 2265 ita
1518 2239 1645 2273 tamen,
1674 2241 1708 2265 ut
1733 2232 1827 2264 dubi-

64 2289 137 2315 tare
155 2295 221 2316 non
240 2285 358 2328 possis
378 2285 478 2317 habet
496 2286 572 2318 cod.
593 2288 631 2318 A.
648 2289 920 2328 paucissimorum
939 2290 1096 2318 circadas
1116 2299 1271 2318 annorum
1295 2298 1355 2330 pro
1381 2285 1516 2329 vulgato
1538 2288 1643 2328 pauci
1665 2288 1741 2316 smel
1764 2287 1828 2316 cir-

66 2338 172 2367 emtus
191 2348 425 2368 a717107·11772.—
453 2334 484 2372 C
489 2336 568 2371 ΑΡ.
590 2335 677 2379 ΧΠ,
703 2336 732 2371 l.
762 2339 922 2371 Fortasse
938 2338 1148 2371 scribendum
1170 2344 1219 2370 est
1238 2342 1333 2371 moret
1352 2349 1411 2382 pro
1431 2340 1554 2375 mom,-
1573 2337 1716 2380 alioquin
1732 2337 1830 2369 etiam

1571 2398 1590 2419 ε)

1572 2419 1589 2428 .-
