1968 2599
889 142 939 185 13

31 270 104 291 cum
122 258 155 290 in
174 256 347 300 superiore
366 254 550 287 sententiae
571 258 666 296 parte
686 264 752 284 non
772 252 879 283 solum
900 251 986 283 desit
1005 251 1070 282 loci
1090 261 1188 293 quam
1209 250 1273 282 dixi
1293 250 1492 293 significatio
1512 250 1572 282 sed
1593 250 1691 283 etiam
1710 255 1794 284 inter

29 321 93 343 vox
113 310 229 341 vitiose
248 308 318 340 sine
338 318 417 339 casu
436 306 544 349 posita
563 306 614 343 sit,
634 304 732 336 sedes
752 304 817 336 vitii
838 303 949 347 potius
968 303 999 334 in
1018 302 1081 334 hac
1101 303 1163 334 erit
1181 307 1274 345 parte
1295 313 1393 345 quam
1412 302 1442 333 in
1463 308 1642 345 sequente3
1661 304 1795 346 utrique

30 367 141 394 autem
159 359 369 393 incommodo
389 358 433 390 illi
451 357 547 389 facile
567 358 613 389 sic
633 356 787 396 medeor,
813 361 850 388 ut
875 355 999 398 syllaba
1025 367 1063 386 ra
1091 354 1204 386 addita
1230 355 1352 397 quippe
1373 354 1493 385 omissa
1522 355 1564 386 ob
1592 355 1717 387 initium
1744 367 1796 387 se-

31 413 161 457 quentis
181 412 271 444 vocis
290 411 490 453 rapidorum,
508 421 569 453 pro
590 412 676 441 iuter
695 408 834 440 scribam
854 410 887 439 in
907 410 1008 443 terra,
1028 407 1175 439 omittam
1194 412 1304 438 autem
1324 409 1357 438 et
1374 405 1586 449 particulam,
1615 419 1700 450 quae
1720 412 1796 439 ante

30 465 188 509 syllabam
208 467 240 496 2⁶71
260 463 357 496 facile
376 462 507 494 videtur
526 461 603 493 addi
623 461 790 505 potuisse3
809 458 874 491 vid.
896 459 938 491 ad
958 470 1030 502 cap.
1052 459 1126 499 XV,
1148 461 1181 491 4.
1209 459 1321 502 itaque
1349 470 1423 490 cum
1451 463 1548 490 antea
1576 458 1617 490 de
1644 460 1725 491 mari
1748 459 1796 491 di-

29 518 134 550 xisset
151 518 299 555 Seneca,
324 514 388 546 iam
408 514 487 546 dicit
505 514 538 545 in
555 520 645 546 terra
665 525 739 545 esse
758 511 886 555 lapides
906 522 1140 555 gemmasque,
1167 523 1282 543 aurum
1301 522 1379 542 vero
1399 511 1431 542 in
1450 510 1572 553 rapidis
1591 511 1794 543 torrentibus

30 569 132 612 idque
151 568 256 600 arenis
276 568 488 606 interfluens,
515 577 713 609 quamquam
737 565 789 596 hic
817 563 964 607 genitivo
983 564 1094 606 posito
1114 575 1180 594 non
1200 563 1309 595 locum
1329 563 1463 606 proprie
1482 562 1543 594 sed
1562 564 1706 606 speciem
1726 563 1796 595 auri

30 621 203 661 indicavit,
230 619 350 651 deinde
370 619 495 662 ignium
514 618 605 650 faces
625 617 720 650 simul
740 622 774 649 et
791 617 822 648 in
842 616 938 648 terris
959 621 992 647 et
1010 615 1041 646 in
1061 615 1141 646 mari
1168 626 1342 659 emergere
1369 615 1504 653 subicit,
1532 614 1674 658 denique
1699 627 1796 647 ocea—

30 685 108 706 num
133 677 293 705 memorat
318 677 480 703 terrarum
505 670 687 708 vinculum,
716 669 883 712 aptissimo
910 668 941 699 in
971 667 1202 699 enumerandis
1228 667 1323 698 variis
1349 667 1430 698 locis
1456 678 1650 710 progressu.
1687 668 1796 712 Magis

32 725 127 758 etiam
149 724 248 756 dubia
267 723 366 755 lectio
388 729 438 755 est
456 723 487 754 in
507 722 544 754 iis
565 734 651 765 quae
671 726 873 764 sequuntur:
893 731 967 751 nam
987 722 1145 751 terrentes
1165 731 1226 751 vox
1248 731 1321 751 cum
1342 730 1401 762 per
1420 731 1456 751 se
1471 725 1627 762 suspecta
1647 725 1707 756 est,
1726 725 1797 752 tum

31 788 51 809 a
70 776 169 809 codd.
190 787 305 819 parum
325 776 491 814 firmatur,
518 780 552 806 et
574 775 605 806 in
631 773 707 806 cod.
728 773 836 804 Palat.
860 773 892 804 ⁶2.
920 772 1082 804 incertum
1107 783 1172 814 qua
1198 771 1264 803 fide
1285 771 1460 814 adscripsit
1484 771 1598 814 aliquis
1627 772 1704 811 „hic
1721 772 1795 814 plus

29 830 136 861 minus
155 828 270 872 viginti
289 827 424 859 vocibus
445 826 593 858 deficit“.
633 837 671 857 ac
691 824 812 857 deinde
832 827 1027 856 continentis
1045 823 1161 866 scripsi
1181 835 1199 855 e
1220 823 1319 855 codd.
1340 824 1442 855 ABG.
1465 823 1542 866 quia
1567 827 1674 855 terras
1699 823 1796 855 intel-

31 881 89 925 ligi
108 892 208 923 posse
229 879 396 919 existim03
416 878 534 921 reliqui
555 877 654 910 codd.
676 890 753 909 mss.
776 883 809 908 et
829 875 906 908 edd.
927 876 1050 908 habent
1075 878 1357 907 continuationem.
1378 895 1428 899 --
1454 871 1538 908 ibid.
1560 878 1582 914 ,ξ
1602 873 1635 908 7.
1654 875 1796 919 praetuli

33 932 124 976 quod
144 933 346 976 Opsopoeus
368 930 511 963 coniecit
530 936 564 962 et
582 942 667 962 unus
688 929 764 961 cod.
786 929 829 961 D.
850 928 951 960 habet
968 928 1093 960 videbis
1111 929 1164 959 1ηέ
1183 939 1243 970 pro
1265 927 1354 971 vulg.
1375 929 1442 959 his.
1468 928 1544 970 quia
1571 927 1692 959 deinde
1712 939 1796 970 quo-

33 996 98 1028 que
118 985 148 1016 in
169 983 336 1027 anaphora
356 983 480 1026 legitur
497 982 621 1014 ridebis
641 983 714 1020 lev‘c;
735 981 855 1013 deinde
875 983 907 1012 et
924 980 1130 1023 particulam,
1152 991 1238 1022 quae
1258 979 1353 1011 facile
1373 980 1449 1011 oriri
1469 980 1578 1022 potuit
1597 992 1614 1011 e
1633 986 1797 1023 sequente

33 1036 170 1080 syllaba,
191 1035 365 1067 delendam
384 1034 536 1066 iudicavi.
556 1034 617 1066 nisi
636 1033 723 1065 forte
743 1032 940 1065 exciderunt
959 1032 1068 1075 aliqua
1087 1032 1187 1064 verba
1206 1037 1264 1064 aut
1283 1031 1344 1063 alia
1363 1031 1439 1063 *itia
1458 1032 1579 1071 latent;
1606 1037 1698 1064 certe
1716 1031 1797 1064 illud

30 1087 239 1132 probandum
258 1099 346 1119 nunc
365 1092 458 1130 puto,
478 1086 569 1129 quod
583 1086 717 1129 Lipsius
739 1091 773 1118 et
788 1085 978 1117 Gronovius
998 1096 1063 1116 non
1083 1087 1242 1116 terrentia
1261 1083 1322 1115 sed
1341 1083 1391 1115 vel
1407 1087 1537 1115 terrena
1557 1083 1607 1115 vel
1626 1087 1798 1116 terrestria

32 1140 130 1172 scribi
148 1140 336 1171 voluerunt.
363 1158 411 1162 —
439 1135 522 1171 ibid.
546 1136 619 1181 §S
649 1139 776 1170 Duram
797 1149 963 1180 corporum
982 1140 1160 1168 animorum
1180 1136 1453 1179 compositionem
1480 1135 1530 1167 alii
1551 1135 1663 1168 addita
1691 1139 1722 1167 et
1746 1136 1798 1168 vel

31 1204 92 1235 que
119 1191 280 1235 particula
304 1191 407 1223 lenire
432 1190 649 1229 studuerunt3
678 1202 744 1234 ego
770 1189 869 1221 malui
895 1201 1011 1221 vocem
1034 1190 1119 1220 mille
1138 1194 1312 1231 repetere,
1339 1199 1424 1231 quae
1449 1199 1509 1231 per
1534 1199 1631 1219 unam
1656 1187 1798 1220 litteram

33 1245 155 1288 scripta
174 1243 270 1275 facile
290 1248 367 1286 post
385 1242 543 1286 syllabam
562 1255 613 1274 um
633 1242 789 1274 excidere
809 1242 928 1285 potuit.
948 1260 1000 1265 ——
1030 1237 1145 1274 CAP.
1166 1237 1273 1281 XIX,
1298 1238 1329 1272 l.
1357 1241 1480 1271 ridebis
1499 1240 1614 1283 scripsi
1635 1252 1708 1272 cum
1727 1240 1797 1284 ple-

32 1296 144 1339 risque
162 1295 263 1327 codd.
284 1295 542 1331 recentioribus:
573 1301 664 1327 certe
685 1300 742 1326 aut
760 1294 825 1326 hoc
845 1298 902 1326 aut
919 1293 1031 1325 videas
1050 1292 1306 1336 praeferendum
1326 1291 1405 1331 fuit,
1427 1304 1491 1324 non
1509 1293 1686 1332 rideamus,
1705 1290 1798 1335 quod

32 1348 155 1380 habent
179 1347 276 1386 edd.;
306 1347 338 1379 in
365 1346 441 1379 cod.
462 1349 499 1379 A.
522 1347 606 1378 enim
626 1347 765 1389 aliisque
792 1346 923 1378 duobus
952 1350 1003 1376 est
1028 1345 1177 1377 rideatis.
1214 1344 1348 1376 Deinde
1376 1345 1528 1387 quoniam
1548 1345 1642 1376 abest
1665 1347 1697 1376 el
1721 1350 1798 1387 post

33 1401 157 1432 illorum
176 1399 209 1431 in
227 1399 315 1431 libris
337 1398 479 1442 optimis,
500 1398 574 1430 vide
593 1411 634 1430 ne
654 1399 778 1431 rectius
801 1397 1012 1430 emendetur:
1032 1409 1102 1429 cum
1121 1400 1313 1439 conspectu,·
1331 1397 1378 1428 sic
1394 1398 1478 1429 enim
1493 1408 1561 1428 cum
1578 1396 1673 1428 facile
1688 1396 1796 1439 perire

32 1452 142 1496 potuit
159 1457 194 1483 et
212 1455 382 1493 conspectu
401 1451 524 1483 habent
543 1451 609 1482 duo
630 1450 730 1483 codd.
753 1451 826 1483 GV.
849 1470 896 1474 —-
919 1445 1003 1482 ibid.
1025 1452 1047 1487 ξ
1068 1447 1102 1482 3.
1125 1449 1289 1486 Quoniam
1310 1454 1440 1481 constat
1458 1449 1488 1480 in
1509 1449 1572 1480 hoc
1591 1448 1673 1480 libro
1694 1459 1796 1491 saepe

35 1504 172 1536 omissas
193 1515 266 1535 esse
285 1503 524 1535 vocabulorum
541 1503 789 1535 terminationes
808 1503 840 1534 in
861 1501 936 1533 cod.
957 1503 995 1541 A,
1016 1501 1113 1533 facile
1139 1502 1211 1533 fieri
1237 1506 1366 1544 potest,
1394 1507 1432 1533 ut
1457 1501 1497 1532 ab
1521 1500 1610 1532 initio
1638 1501 1797 1544 scriptum

33 1555 134 1588 fuerit
151 1567 215 1587 non
235 1558 325 1587 mori.
345 1554 404 1586 sed
423 1558 634 1593 morilurum·
653 1567 692 1587 ac
710 1554 853 1586 fortasse
873 1553 992 1586 eodem
1012 1554 1087 1585 loco
1108 1553 1202 1585 simul
1220 1554 1318 1596 periit
1335 1565 1398 1585 vox
1418 1557 1468 1591 al,
1490 1565 1584 1595 quam
1605 1553 1631 1584 si
1650 1558 1727 1585 ante
1745 1564 1797 1584 co-

33 1610 104 1651 gita
124 1606 245 1643 addas,
282 1607 358 1639 nihil
378 1618 500 1639 causae
520 1607 600 1647 erit,
639 1618 698 1638 cur
717 1618 792 1638 cum
811 1608 958 1638 Grutero
978 1612 1132 1649 putemus
1152 1606 1247 1648 plura
1267 1605 1447 1643 excidisse;
1482 1605 1584 1637 altera
1610 1605 1695 1636 enim
1719 1616 1795 1648 pars

36 1658 278 1702 disputationis,
302 1670 400 1701 quam
418 1658 482 1690 hoc
500 1659 576 1691 loco
597 1659 783 1702 bipartitam
801 1658 940 1690 instituit
959 1658 1099 1699 Seneca,
1125 1658 1276 1700 sequitur
1295 1657 1416 1690 deinde
1436 1670 1464 1689 c.
1487 1659 1546 1697 ⁶21,
1570 1658 1601 1688 l.
1627 1676 1677 1680 -—
1710 1653 1795 1690 ibid.

36 1713 59 1751 §
78 1709 115 1744 5.
144 1712 237 1743 Mors
261 1711 402 1742 dolorum
428 1715 565 1743 omm'um
590 1712 747 1743 exsolutio
773 1714 823 1743 est
846 1714 877 1742 et
894 1710 982 1752 finis
1005 1711 1094 1742 ultra
1118 1722 1208 1752 quem
1228 1711 1314 1742 mala
1333 1713 1443 1742 nostra
1462 1721 1521 1741 reon
1543 1711 1677 1749 exeunt,
1701 1711 1795 1751 qnae]

35 1763 232 1807 Legebatur
251 1763 351 1807 vulgo
371 1766 403 1795 el
420 1765 545 1803 solutio,
573 1763 665 1806 quod
691 1775 764 1795 cum
792 1762 921 1806 optimis
948 1762 1162 1805 plurimisque
1186 1762 1274 1794 libris
1301 1774 1378 1794 mss.
1398 1762 1536 1797 mutavi;
1571 1761 1649 1793 item
1675 1760 1796 1793 deinde

36 1815 152 1858 scripsi
169 1826 260 1857 quem
279 1827 340 1858 pro
361 1814 496 1858 vulgato
515 1827 633 1858 quam;
661 1827 734 1848 nam
755 1820 894 1847 mortem
913 1814 1066 1858 profecto
1086 1826 1182 1846 nemo
1201 1814 1254 1846 hic
1272 1814 1458 1858 intelligere
1478 1813 1582 1852 volet3
1615 1814 1712 1845 finem
1737 1824 1795 1844 au—

35 1872 103 1899 tem
120 1867 172 1899 vix
192 1866 294 1899 credo
314 1879 453 1910 usquam
474 1879 493 1898 a
509 1868 639 1900 Seneca
658 1867 812 1899 feminino
833 1877 960 1911 genere
981 1866 1062 1905 dici;
1088 1878 1151 1898 nec
1177 1866 1277 1898 debet
1294 1867 1437 1910 repetito
1458 1865 1629 1908 superiore
1648 1864 1794 1909 genitivo

38 1919 110 1950 finis
131 1919 272 1951 omnium
293 1919 444 1951 dolorum
463 1919 613 1963 intelligi,
633 1920 693 1952 sed
712 1920 742 1951 in
764 1920 834 1951 eius
854 1919 963 1950 locum
983 1918 1135 1951 succedit
1162 1919 1233 1961 ipsa
1253 1930 1338 1961 quae
1365 1918 1513 1961 sequitur
1536 1922 1606 1949 tota
1631 1917 1795 1949 sententia

38 1970 190 2009 relativa3
210 1970 352 2014 denique
371 1971 468 2003 finitis
488 1971 546 2007 his,
567 1983 653 2014 quae
671 1983 732 2015 per
750 1971 991 2014 appositionem
1011 1970 1053 2003 de
1072 1977 1178 2003 morte
1198 1971 1387 2014 praedicata
1407 1975 1499 2009 sunt,
1523 1968 1564 2001 de
1583 1968 1699 2000 eadem
1718 1968 1795 2000 novi

38 2021 161 2065 aliquid
181 2022 352 2065 praedicat
369 2034 430 2066 per
448 2023 643 2056 sententiam
661 2024 847 2063 relativam,
870 2028 907 2055 ut
931 2035 1014 2066 qnae
1041 2023 1081 2055 sit
1107 2022 1177 2054 fere
1195 2027 1315 2065 quippe
1338 2035 1440 2065 quaeq
1465 2032 1551 2064 quae
1576 2021 1659 2052 ratio
1687 2020 1713 2052 si
1741 2020 1795 2052 cui

37 2074 143 2106 minus
163 2075 337 2107 commoda
354 2075 496 2116 videtur,
516 2088 581 2108 non
600 2081 709 2108 tamen
726 2075 811 2108 adeo
832 2087 934 2119 grave
953 2075 984 2107 in
1001 2076 1133 2107 Seneca
1152 2074 1284 2117 quidem
1303 2073 1547 2107 incommodum
1562 2071 1664 2104 videri
1680 2071 1793 2112 debet,

38 2130 76 2158 ut
89 2125 165 2157 ideo
183 2126 378 2170 optimorum
396 2127 496 2160 codd.
513 2128 693 2160 auctoritas
709 2127 896 2171 spernenda
911 2127 970 2167 sit;
992 2127 1032 2159 cf.
1050 2139 1136 2170 quae
1152 2127 1217 2159 dixi
1233 2127 1275 2159 ad
1291 2139 1318 2158 c.
1340 2128 1396 2167 15,
1415 2128 1447 2158 4.
1463 2145 1514 2149 ——
1533 2120 1791 2165 CAP.XX‚2.

40 2178 119 2209 hoec
137 2181 196 2216 est,
211 2182 286 2220 post
305 2191 399 2221 qnam
416 2181 502 2212 m‘lze'l
519 2183 687 2222 qnisquam
706 2179 911 2219 alienosecil
929 2180 1080 2220 arbitrio]
1118 2179 1202 2210 Cum
1224 2180 1255 2211 in
1276 2178 1352 2211 edd.
1373 2178 1474 2222 vulgo
1493 2177 1694 2209 scriberetur
1711 2187 1794 2218 quae

40 2240 100 2273 pro
116 2233 310 2273 postquam.
330 2236 367 2262 ut
380 2231 450 2274 ipsa
468 2243 556 2264 mors
577 2232 745 2264 diceretur
763 2231 839 2264 nihil
859 2231 966 2263 alieno
984 2230 1105 2263 fecisse
1125 2231 1271 2271 arbitrio,
1286 2238 1378 2263 recte
1399 2235 1432 2262 et
1450 2229 1637 2261 necessario
1657 2228 1793 2272 legeba-

40 2287 94 2313 tur
112 2284 281 2324 qm'cquom
300 2284 462 2315 sententia
480 2284 613 2327 quidem
632 2295 747 2328 parum
767 2289 843 2328 apta
863 2290 895 2316 et
912 2284 958 2316 ita
975 2288 1102 2315 tantum
1121 2283 1295 2324 tolerabili,
1314 2283 1341 2314 si
1359 2282 1390 2314 in
1409 2288 1516 2314 morte
1530 2281 1794 2325 intelligerentur

41 2331 188 2366 homines
213 2335 350 2376 mortui:
378 2346 466 2367 nunc
490 2348 568 2368 vero
593 2342 768 2380 postquam
792 2337 832 2368 F.
861 2348 901 2368 ex
921 2335 996 2368 cod.
1017 2337 1055 2368 A.
1082 2336 1227 2368 restituit
1253 2334 1343 2379 quod
1368 2333 1458 2366 haud
1482 2333 1581 2366 dubie
1608 2344 1718 2365 verum
1743 2337 1793 2364 est
