1968 2599
1003 169 1027 210 2

141 284 261 327 guttam
283 281 410 320 dixerit,
430 279 593 322 siquidem
614 278 703 311 dixit.
724 289 752 309 c.
777 278 834 317 11,
856 278 890 308 4.
911 276 1057 319 itemque
1076 274 1223 307 historici
1243 281 1277 308 et
1296 276 1348 307 alii
1363 275 1452 308 haud
1467 287 1576 319 pauca
1591 276 1640 307 vel
1656 276 1745 308 lectu
1759 277 1905 310 iucunda

141 344 193 375 vel
218 343 307 375 utilia
333 341 470 384 cognitu
495 340 672 382 reperient.
701 349 786 380 quae
813 337 920 368 omnia
946 342 982 368 ut
1007 347 1120 367 omnes
1147 335 1260 378 quoad
1286 336 1356 367 eius
1382 336 1454 368 fieri
1480 342 1593 379 potest
1616 342 1707 368 recte
1728 337 1905 370 emendata

142 403 256 446 legere
276 401 416 444 queatis,
436 400 681 443 philologorum
700 397 815 429 studiis
835 395 1001 440 provideri
1023 396 1138 434 debet;
1168 395 1209 427 de
1229 396 1277 427 his
1297 396 1398 440 igitur
1417 408 1524 440 pauca
1543 396 1626 429 haec
1647 397 1806 441 accipite,
1833 399 1905 441 qui-

143 465 202 495 bus
223 461 301 504 quid
320 462 350 493 in
371 460 603 493 'Peubneriana
624 460 774 491 Senecae
794 457 940 489 editione
961 457 1146 499 quibusque
1167 455 1209 488 de
1226 457 1333 488 causis
1354 463 1508 489 novatum
1529 458 1570 489 sit
1590 457 1834 500 explicavimus.

142 735 194 777 L.
215 732 389 775 Annaei
413 731 614 773 Senecae
638 730 916 785 dialogorum
937 730 1051 771 liber
1072 730 1152 771 VI.
1176 729 1233 772 ad
1254 729 1476 771 Marciam
1499 729 1553 771 de
1577 731 1903 774 consolatione.

247 842 360 880 CAP.
389 841 417 880 Ι,
447 841 480 875 ¹2.
500 844 625 885 qualem
644 846 673 874 te
693 846 726 874 in
743 854 882 885 persona
898 847 1009 885 patris
1029 846 1081 875 tm·
1095 846 1247 886 gesseris]
1273 843 1354 875 Fuit
1380 843 1462 874 haec
1490 849 1694 875 vetustarum
1722 844 1798 876 edd.
1822 845 1903 877 scri-

142 903 250 942 ptura,
271 908 366 939 quam
385 895 458 927 mihi
478 906 543 926 non
562 900 654 926 recte
673 894 826 926 videntur
845 896 1027 937 sprevisse,
1054 896 1108 938 qui
1134 902 1210 939 post
1229 896 1393 927 Muretum
1414 896 1575 927 Senecam
1601 895 1778 928 ediderunt
1796 897 1902 929 secuti

143 950 187 981 illi
207 949 356 982 codicum
376 947 622 981 auctoritatem.
649 947 679 977 in
701 947 820 989 quibus
840 946 981 990 legitur:
1008 950 1041 978 iu
1056 959 1231 990 personam
1240 960 1253 985 ;
1280 959 1318 978 ac
1343 952 1500 990 poterant
1518 958 1597 979 sane
1617 953 1650 979 et
1668 947 1805 980 librariis
1826 948 1903 980 olim

145 1008 179 1033 et
196 1012 301 1044 nuper
319 999 500 1031 editoribus
520 998 626 1029 fraudi
647 1010 719 1030 esse
738 998 887 1042 vulgaria
908 998 950 1030 de
968 1000 1118 1031 rectione
1137 1002 1170 1031 in
1190 999 1445 1042 praepositionis
1471 1005 1668 1042 praecepta;
1695 1005 1843 1032 ceterum
1868 1006 1902 1032 et

144 1053 219 1084 alibi
238 1053 283 1091 fit,
304 1057 339 1082 ut
357 1054 390 1082 iu
411 1062 484 1082 cum
504 1050 644 1081 ablativo
664 1051 773 1093 posita
792 1051 959 1094 significet
977 1063 1086 1083 rerum
1106 1051 1275 1094 quoddam
1295 1062 1402 1094 genus
1418 1051 1468 1082 vel
1485 1051 1707 1083 conditionem
1724 1052 1900 1094 quandam,

143 1105 173 1136 in
195 1116 257 1147 qua
277 1103 398 1145 aliquid
418 1103 484 1139 flat.
504 1114 569 1133 non
589 1108 699 1134 autem
720 1114 790 1133 eam
810 1103 896 1134 inter
915 1115 1033 1135 nomen
1055 1109 1088 1135 et
1106 1104 1242 1135 verbum
1262 1103 1557 1142 necessitudinem.
1586 1114 1671 1145 quae
1690 1109 1747 1135 aut
1765 1104 1900 1147 proprie

144 1156 254 1188 localis
274 1161 324 1187 est
343 1161 399 1186 aut
417 1154 594 1193 translate;
615 1160 648 1186 et
667 1155 697 1185 in
717 1154 777 1185 hac
798 1154 839 1186 de
859 1167 923 1198 qua
943 1155 1054 1198 agitur
1072 1155 1214 1187 formula
1232 1155 1266 1187 id
1285 1155 1331 1187 ita
1351 1167 1425 1186 esse
1445 1156 1521 1187 satis
1543 1155 1666 1186 docere
1686 1161 1819 1198 poterat
1839 1157 1901 1188 Se-

142 1219 244 1239 necae
265 1205 472 1239 consuetudo
494 1204 670 1249 diligenter
699 1206 811 1238 obserx
820 1213 884 1243 ata,
906 1207 961 1250 qui
980 1219 1112 1250 semper
1131 1207 1212 1239 dixit
1230 1210 1263 1238 ile
1277 1219 1431 1249 persona,
1458 1207 1525 1238 sive
1545 1207 1768 1239 accusativum
1786 1207 1898 1251 requi-

142 1271 216 1291 rere
235 1270 376 1301 sequens
396 1258 530 1289 verbum
550 1257 699 1289 videatur
718 1258 784 1289 sive
805 1258 996 1298 ablativum3
1021 1265 1121 1302 atque
1149 1260 1179 1291 in
1200 1260 1323 1291 Marcia
1350 1258 1481 1302 quidem
1508 1259 1585 1290 satis
1611 1259 1823 1302 perspicuum
1851 1264 1902 1292 est

142 1323 206 1343 non
226 1311 339 1354 quaeri
358 1310 402 1347 id.
423 1309 592 1352 quomodo
613 1311 765 1353 affecerit
780 1313 910 1353 patrem
930 1323 969 1342 co
992 1311 1082 1354 quod
1103 1311 1200 1343 talem
1222 1323 1258 1342 se
1278 1311 1392 1354 gessit,
1412 1311 1541 1354 qualem
1561 1311 1690 1342 Seneca
1710 1311 1899 1353 praedicat;

143 1363 201 1395 sed
219 1364 288 1406 ipsa
307 1374 366 1406 per
385 1374 421 1394 se
441 1368 610 1405 spectatur
629 1368 662 1394 et
681 1362 781 1394 virtus
801 1362 865 1403 illa,
887 1364 939 1394 cui
959 1363 1151 1406 probandae
1170 1368 1266 1406 pater
1285 1363 1495 1395 occasionem
1514 1362 1667 1406 praebuit
1684 1362 1786 1405 idque
1803 1363 1900 1395 etiam

142 1416 186 1447 ita
206 1421 241 1446 ut
260 1414 300 1446 ad
320 1415 425 1457 ipsum
444 1413 570 1445 virtutis
591 1413 659 1445 eius
680 1426 795 1446 sensus
816 1415 987 1457 pervenire
1008 1427 1072 1447 non
1093 1421 1217 1458 posset.
1256 1415 1370 1447 Facile
1390 1414 1492 1458 igitur
1511 1419 1666 1457 apparet.
1690 1426 1749 1446 cur
1768 1416 1900 1447 Seneca

142 1467 309 1509 scripserit
325 1478 376 1509 ep.
392 1467 448 1503 18,
462 1467 474 1496 l
486 1467 517 1497 5.
530 1468 561 1497 in
573 1477 677 1497 omues
686 1478 844 1508 personas
853 1467 1102 1500 lesceoeardescit
1110 1466 1285 1508 adfectus,·
1304 1466 1438 1498 cf.infra
1449 1478 1477 1498 c.
1491 1469 1523 1506 7,
1534 1468 1567 1498 4.
1580 1466 1680 1498 sedin
1691 1466 1831 1505 formula
1845 1467 1900 1498 illa

143 1525 296 1550 constans
313 1530 390 1550 usus
406 1524 471 1557 est3
491 1517 554 1548 vid.
573 1517 614 1549 de
629 1518 750 1550 beneff.
767 1518 830 1556 III.
849 1520 908 1557 21,
926 1521 957 1551 2.
976 1520 1059 1551 idem
1073 1532 1090 1551 e
1106 1520 1325 1561 contrare'ofit
1337 1522 1369 1550 in
1381 1530 1521 1561 persona
1538 1521 1634 1549 servi.
1646 1518 1691 1549 ib.
1708 1518 1767 1559 IV,
1785 1520 1846 1559 40,
1864 1520 1897 1550 2.

143 1571 221 1612 quid
238 1571 376 1612 amplias
395 1572 427 1601 ιἰι
448 1570 557 1600 horam
571 1582 711 1612 persona
727 1582 857 1612 passum
875 1583 969 1612 qnam
990 1573 1091 1603 relle?
1112 1571 1166 1603 ubi
1186 1583 1300 1602 rursus
1321 1570 1467 1602 editores
1487 1569 1588 1612 idque
1608 1575 1723 1602 contra
1742 1570 1899 1602 librorum

142 1633 217 1653 mss.
238 1621 335 1653 fidem
355 1624 388 1653 in
405 1632 575 1662 personam
593 1622 806 1664 scripserunt.
842 1622 883 1653 de
904 1622 998 1655 clem.
1015 1623 1042 1663 Ι,
1066 1624 1099 1663 ⁶2,
1124 1625 1153 1656 1.
1173 1623 1270 1654 habet
1288 1623 1368 1654 llaec
1387 1622 1594 1666 (clementia)
1616 1624 1649 1653 r'n
1663 1633 1805 1664 persona
1824 1633 1899 1664 quo-

142 1685 200 1715 que
219 1675 433 1705 innocentium
452 1673 560 1704 locum.
605 1674 681 1705 Nat.
703 1675 856 1710 Quaestt.
878 1675 934 1710 IV.
954 1674 1058 1718 praef.
1081 1676 1114 1706 (i.
1133 1675 1270 1716 futuros
1292 1675 1404 1706 maltos
1423 1675 1562 1706 Plancos
1582 1676 1689 1716 cogita
1709 1676 1742 1705 ilc
1757 1685 1899 1715 persana

143 1728 208 1757 tna.
245 1725 299 1756 ubi
318 1726 394 1756 item
415 1723 489 1756 olim
508 1724 651 1765 suerunt,
679 1726 734 1768 qui
753 1727 976 1758 accusativum
996 1727 1139 1759 mallent.
1174 1726 1218 1758 ib.
1239 1726 1258 1766 ὃ
1282 1728 1339 1758 15.
1360 1738 1420 1758 mm
1441 1726 1524 1757 milae·
1538 1728 1572 1757 2⁴72
1591 1727 1739 1757 amicitia
1755 1726 1902 1758 Getulz‘cz'

141 1777 192 1808 vel
208 1777 309 1808 Caius
326 1777 432 1819 fidem
456 1779 595 1818 eripuit,
620 1789 680 1809 nou
708 1780 740 1809 in
767 1779 903 1810 aliorum
924 1790 1067 1821 persona
1086 1778 1264 1819 infeliciter
1290 1781 1468 1809 amatorum
1487 1778 1636 1809 Messala
1657 1779 1689 1808 et
1709 1778 1896 1810 Narcissus.

144 1839 208 1871 quo
228 1828 303 1859 loco
329 1829 404 1860 item
433 1839 452 1859 a
476 1840 528 1859 me
555 1827 712 1860 ablativus
738 1830 909 1861 restitutus
937 1836 988 1862 est
1013 1842 1052 1862 ex
1079 1842 1142 1862 uno
1163 1830 1292 1862 codice.
1329 1830 1417 1862 Dial.
1438 1829 1518 1869 XII,
1541 1829 1604 1869 19,
1628 1830 1659 1860 1.
1687 1830 1745 1860 illa
1769 1829 1898 1871 quidem

142 1885 250 1923 (soror
268 1882 344 1923 tna)
363 1879 514 1920 adfectas
532 1883 601 1911 tuas
619 1892 742 1923 semper
759 1884 924 1924 seqnitur.-
950 1885 982 1914 in
1002 1895 1071 1914 mea
1090 1886 1196 1914 tamen
1211 1894 1352 1924 persona
1371 1894 1432 1913 mm
1452 1884 1577 1913 tantum
1587 1892 1649 1922 pro
1668 1882 1699 1911 te
1718 1881 1812 1913 dolet.
1841 1881 1898 1912 ubi

144 1943 222 1963 usus
247 1931 410 1974 ignoratio
438 1932 560 1971 effecit,
587 1938 623 1964 ut
650 1939 810 1965 commate
838 1939 914 1965 aute
940 1946 1000 1965 mm
1020 1935 1129 1977 posito
1155 1933 1399 1977 perversissima
1425 1932 1587 1965 sententia
1614 1932 1773 1972 oriretur,
1799 1943 1897 1975 quam

142 1983 222 2015 mira
246 1983 276 2014 in
301 1983 492 2026 gravissimo
520 1995 630 2016 errore
656 1985 777 2017 fiducia
804 1986 966 2017 enarravit
990 1986 1212 2030 Ruhkoptius.
1257 1986 1413 2028 Denique
1437 1984 1513 2016 addi
1537 1988 1650 2027 potest
1677 1984 1775 2015 etiam
1800 1984 1895 2016 locus

143 2034 196 2066 ille
216 2035 311 2078 epist.
333 2035 391 2075 93,
413 2036 445 2066 1.
465 2038 659 2078 aequitatem
677 2040 765 2069 taam
784 2037 979 2076 desiderari,
997 2050 1079 2080 qaae
1098 2039 1161 2070 tihi
1176 2041 1209 2070 7⁸71
1224 2041 1313 2069 omm'
1324 2049 1476 2080 persona,
1496 2039 1528 2068 in
1548 2038 1770 2078 omnz'negotio
1784 2047 1896 2078 snper-

143 2089 201 2126 est,
220 2089 253 2118 ῐιι
273 2098 336 2117 uua
355 2098 390 2117 re
408 2086 506 2118 deest.
545 2087 700 2120 Ceterum
720 2089 937 2121 dubitandum
956 2102 1020 2121 non
1041 2095 1109 2130 est,
1137 2090 1213 2133 quin
1237 2101 1277 2121 ex
1297 2087 1604 2122 iurisconsultorum
1623 2087 1737 2131 lingua
1754 2087 1896 2119 formula

142 2137 195 2169 illa
213 2137 360 2175 fluxerin
377 2137 441 2169 vid.
463 2138 592 2181 Ulpian.
613 2140 661 2171 tit.
682 2141 773 2179 VIII,
795 2142 827 2173 ss.
849 2142 933 2173 idem
952 2144 1036 2173 iaris
1053 2145 1102 2174 cst
1121 2145 1154 2174 ῖίι
1176 2154 1319 2184 persona
1338 2142 1477 2174 coelibis.
1491 2159 1542 2164 —
1570 2136 1684 2173 CAP.
1704 2136 1752 2179 Π,
1771 2137 1807 2172 4.
1832 2151 1896 2171 non

142 2190 213 2221 dico
231 2201 292 2221 mm
311 2192 359 2221 cst
377 2192 469 2230 ausa]
489 2191 614 2223 Vocem
633 2195 680 2223 est
698 2198 833 2224 tuentur
852 2193 951 2225 codd.
972 2205 1079 2236 paene
1099 2206 1231 2233 omnes;
1260 2205 1334 2225 nam
1360 2194 1381 2225 ii
1409 2204 1543 2236 quoque
1569 2191 1602 2223 id
1627 2190 1737 2222 facere
1756 2190 1894 2234 putandi

142 2246 229 2281 sunt,
249 2241 302 2284 qui
322 2253 362 2273 ea:
381 2253 479 2273 caasa
500 2242 549 2274 vel
568 2255 608 2274 ex
627 2256 704 2275 casa
723 2244 861 2282 habent:
888 2257 991 2288 quare
1017 2257 1132 2278 vocem
1152 2246 1237 2277 illam
1257 2245 1397 2286 restitui,
1418 2256 1504 2288 quae
1524 2243 1600 2276 nihil
1618 2242 1818 2274 incommodi
1836 2242 1894 2273 ha-

141 2293 215 2331 bet.
237 2292 375 2336 requirit
399 2298 507 2325 tamen
526 2294 823 2338 interpunctionem
849 2297 1032 2329 sententiae
1058 2309 1076 2329 a
1095 2297 1222 2341 vulgari
1249 2296 1427 2337 diversam,
1455 2308 1519 2340 qua
1547 2306 1612 2339 ego
1639 2306 1718 2326 usus
1744 2306 1827 2326 sum.
1843 2312 1895 2317 -·

142 2340 254 2378 CAP.
272 2341 346 2387 ΠΙ,
368 2342 401 2379 ¹2.
427 2357 484 2377 nec
499 2347 574 2387 plus
593 2348 695 2379 doluit
712 2359 806 2390 qnam
832 2352 890 2381 ant
907 2350 1071 2381 honestum
1090 2353 1163 2382 erat
1181 2350 1323 2382 Caesari
1338 2353 1395 2381 aut
1414 2360 1548 2391 aequum
1567 2348 1689 2386 matra]
1724 2345 1894 2379 Revocavi
