1968 2599
1000 158 1050 200 w

151 275 182 305 in
199 274 347 305 Senecae
369 282 427 302 usu
439 269 530 301 nimis
548 268 648 300 durus
669 279 705 299 ac
725 277 886 310 praeceps
903 273 952 297 est
968 266 1123 297 transitus
1140 264 1182 296 ad
1196 271 1325 307 tempus
1343 264 1434 307 quod
1450 264 1611 307 sequitur,
1631 267 1780 306 cepisses.
1806 266 1913 298 Paulo

149 330 226 369 post
243 323 357 366 scripsi
376 324 511 363 conte'ge't
531 332 588 363 pro
609 320 744 362 vulgato
764 319 940 360 collegisti,
967 317 1057 360 quod
1079 318 1133 360 qui
1153 317 1292 356 invenit,
1319 328 1385 348 non
1411 316 1524 348 habuit
1549 315 1700 359 profecto
1727 317 1818 349 aliud
1837 323 1914 350 ante

151 376 265 409 oculos
284 374 343 406 nisi
361 373 442 405 illud
460 373 567 416 ipsum
586 372 724 413 colligit,
753 369 842 412 quod
869 381 956 401 nunc
984 381 1118 412 quoque
1147 373 1198 400 est
1224 368 1255 399 in
1275 367 1375 400 codd.
1394 371 1420 400 A
1441 374 1474 400 et
1494 368 1567 400 Col.
1588 367 1648 399 sed
1671 380 1744 400 cum
1766 369 1913 402 tardiore

149 427 280 471 ingenio
302 425 343 457 de
365 426 464 457 verbo
483 425 555 467 ipso
575 435 639 455 non
661 422 839 459 dubitaret,
862 433 1009 453 errorem
1029 422 1060 453 in
1082 432 1225 464 persona
1244 425 1369 452 tantum
1391 421 1600 452 commissum
1620 425 1711 452 ratus
1732 421 1913 454 secundam

148 479 259 524 posuit
276 489 336 521 pro
357 477 471 514 tertia;
492 477 572 507 alius
593 485 668 505 vero
689 473 776 505 idem
797 474 920 516 colligit
939 473 1090 505 licentius
1107 472 1244 504 mutavit
1259 472 1289 503 in
1306 474 1435 514 cepisti.
1454 472 1651 504 recordatus
1667 473 1819 515 superius
1833 473 1914 506 illud

149 533 297 573 cepisses.
335 529 404 561 Sed
425 540 533 560 verum
555 532 605 558 est
624 525 714 568 quod
735 537 800 569 ego
823 526 920 568 posui
939 528 1091 568 conle'gz'l.
1119 537 1136 556 e
1157 536 1223 567 quo
1245 529 1352 555 ortum
1374 529 1424 555 est
1444 525 1578 567 conlegit
1597 530 1632 556 et
1652 524 1773 556 deinde
1793 526 1915 568 colligit

150 594 220 615 eam
241 582 282 613 ob
303 592 451 617 causam,
480 578 569 622 quod
593 579 607 609 l
628 583 661 609 et
679 581 693 609 t
711 577 863 609 facillime
890 577 975 609 inter
999 589 1034 609 se
1054 582 1301 620 permutantur;
1335 575 1454 607 eodem
1479 576 1578 608 modo
1601 576 1688 608 Dial.
1710 576 1804 614 VIII,
1827 578 1858 618 l,
1879 579 1912 610 4.

149 637 233 667 eniti
248 639 359 665 natum
379 638 441 671 est,
462 643 533 663 cum
554 630 671 661 fuisset
689 631 806 667 sem'l2·‚·
835 635 867 661 et
892 641 991 672 supra
1012 641 1040 660 c.
1067 631 1128 667 10,
1149 630 1181 662 3.
1202 628 1279 660 item
1300 640 1328 660 c.
1351 630 1410 668 24,
1432 629 1466 659 4.
1492 628 1523 659 in
1542 629 1569 659 A
1596 634 1629 660 et
1648 628 1717 660 aliis
1739 634 1790 660 est
1808 641 1914 661 exem-

143 687 234 729 plum
252 697 312 728 pro
332 687 520 726 exemplum.
541 694 568 713 c.
595 683 651 717 18.
674 684 706 713 7.
729 682 916 724 ilelemplalo
936 693 996 724 pro
1019 683 1255 722 iulemplalam.
1277 685 1310 712 et
1324 679 1356 711 id
1373 691 1480 723 genus
1501 680 1563 711 alia
1583 691 1684 723 saepe
1704 681 1795 721 alibi3
1817 693 1914 724 quam

150 738 383 770 convenienter
402 742 510 767 autem
530 736 665 775 contigit
692 733 827 765 verbum
855 734 1059 771 restituatur,
1089 739 1228 776 apparet
1248 744 1287 764 ex
1308 732 1327 771 ἓ
1349 733 1382 763 3.
1410 732 1465 763 ubi
1492 732 1523 763 in
1551 732 1773 765 continuanda
1797 732 1915 765 eadem

148 800 186 821 re
204 789 292 821 idem
311 788 445 820 verbum
464 787 607 830 positum
628 791 688 817 est.
710 805 761 809 —
787 782 870 818 ibid.
889 788 911 824 ,ξ
932 784 965 818 3.
988 786 1113 816 Vocem
1134 788 1236 816 masor
1256 785 1349 816 uncis
1366 784 1499 823 inclusi;
1520 783 1584 815 vid.
1603 796 1703 827 supra
1722 783 1764 816 ad
1780 796 1808 816 c.
1827 786 1861 825 3,
1878 787 1912 817 4.

147 860 199 866 -·
217 837 332 875 CAP.
354 836 458 876 XIII,
485 837 512 870 l.
535 836 568 871 3.
600 837 774 869 Manifesta
795 838 997 880 glossemata
1013 837 1189 880 pouloefice'a
1210 839 1356 868 carmina
1383 842 1416 868 et
1441 837 1550 867 ita-liti
1572 839 1659 877 regis
1684 848 1794 868 nomen
1820 837 1914 869 uncis

147 893 275 925 inclusa
293 892 414 934 recepi,
434 896 470 922 ut
489 890 587 922 certis
608 890 678 921 eius
699 890 831 933 generis
853 889 1011 932 exemplis
1032 889 1279 925 convincantur,
1309 888 1364 931 qui
1387 888 1417 920 in
1438 888 1664 920 xerisimilibus
1683 888 1776 920 nimis
1798 888 1913 920 diffici-

147 946 196 977 les
222 950 307 977 sunt.
337 962 386 967 —
417 938 499 975 ibid.
529 945 550 980 ᾗ·
578 939 611 973 9..
639 941 760 973 Addidi
780 945 811 973 et
831 941 1025 985 particulam
1046 947 1122 973 ante
1143 953 1241 973 voces
1258 943 1385 983 primus
1404 942 1541 982 impetus
1562 952 1579 971 e
1600 940 1699 972 codd.
1720 940 1818 985 ADg.
1839 952 1913 972 nam

148 997 180 1028 in
199 998 225 1028 A
246 995 334 1039 quod
355 995 461 1026 fuerat
479 997 536 1025 css.
556 999 648 1025 recte
668 993 815 1025 secunda
836 1005 950 1025 manus
970 994 1000 1025 in
1021 997 1052 1024 el
1072 994 1226 1025 correxit.
1254 1012 1302 1016 —
1336 988 1420 1025 ibid.
1442 995 1464 1031 ,Q
1484 990 1518 1024 4.
1546 996 1578 1023 el
1593 1004 1683 1034 quem
1703 995 1807 1035 magis
1823 995 1914 1035 pote-

147 1051 203 1080 ταί
216 1059 398 1090 permovere
418 1050 510 1077 Ioula
531 1047 711 1086 mutata'o?]
748 1046 802 1077 De
822 1047 847 1077 A
869 1045 986 1077 codice
1006 1045 1070 1077 hoc
1091 1046 1165 1077 loco
1186 1057 1251 1077 non
1273 1050 1427 1076 constare
1448 1044 1527 1076 dixit
1548 1044 1587 1075 1³.
1615 1044 1646 1076 in
1672 1045 1913 1076 recentioribus

149 1111 228 1132 vero
248 1100 335 1131 libris
356 1110 551 1141 quamquam
573 1098 658 1129 solet
678 1109 779 1140 saepe
799 1101 830 1129 el
849 1101 921 1139 qmls·
942 1109 1001 1140 pro
1021 1101 1130 1139 ecquis
1149 1097 1258 1132 scribi,
1280 1103 1315 1128 ut
1334 1096 1420 1128 Dial.
1441 1097 1456 1128 1
1480 1102 1562 1128 extr.
1582 1096 1641 1136 IV,
1666 1098 1721 1133 ll.
1743 1098 1775 1128 2.
1798 1097 1857 1136 23,
1881 1098 1912 1128 l.

148 1163 212 1184 non
233 1158 340 1183 tamen
359 1151 437 1182 satis
457 1151 566 1193 gravis
587 1161 625 1181 ea
646 1161 746 1181 causa
766 1156 826 1181 est.
846 1161 905 1181 cur
925 1150 1135 1181 consentiens
1156 1161 1270 1181 eorum
1293 1148 1516 1180 testimonium
1535 1147 1700 1188 reiciatur,
1722 1148 1915 1191 praesertim

149 1215 221 1235 cum
240 1203 303 1235 hoc
323 1203 397 1234 loco
418 1205 449 1233 el
467 1214 557 1245 quem
577 1201 665 1233 haud
685 1202 783 1244 paulo
806 1202 913 1244 aptius
934 1214 1007 1233 esse
1029 1213 1125 1244 quam
1145 1213 1290 1244 ecquem.
1318 1200 1413 1232 facile
1433 1201 1570 1238 sentias;
1591 1200 1659 1232 vult
1679 1201 1763 1232 enim
1784 1202 1915 1232 Seneca

147 1256 179 1287 in
205 1259 236 1287 et
261 1254 421 1298 particula
447 1255 540 1296 quasi
567 1253 748 1285 consistere
775 1254 908 1296 paulum
936 1255 1194 1297 cogitationem,
1224 1259 1261 1285 ut
1286 1253 1491 1296 intelligatur
1520 1258 1643 1295 quanto
1667 1252 1801 1295 gravius
1821 1253 1862 1284 sit
1880 1251 1914 1284 id

150 1307 239 1350 quod
259 1307 357 1338 modo
380 1306 471 1341 dixit.
493 1318 565 1338 cum
587 1306 683 1337 etiam
703 1305 844 1337 accedat
864 1306 954 1349 quod
975 1306 1141 1349 sequitur:
1163 1306 1311 1337 nimirum
1334 1305 1359 1335 si
1379 1304 1539 1336 voluisset
1557 1304 1744 1336 accuratius
1765 1304 1913 1344 delinire,

148 1370 213 1402 qua
255 1359 381 1391 ratione
426 1359 602 1390 coniuncta
643 1358 683 1389 sit
721 1370 785 1389 una
825 1359 988 1390 sententia
1026 1370 1099 1390 cum
1138 1358 1257 1397 altera,
1295 1362 1429 1400 poterat
1464 1360 1496 1388 et
1532 1359 1638 1387 lamen
1676 1356 1832 1387 scribere.
1863 1375 1914 1380 —
1961 1398 1964 1402 .

149 1407 262 1446 CAP.
284 1407 369 1450 XV,
398 1409 425 1442 1.
456 1411 563 1442 Verba
584 1410 635 1441 illa
656 1410 706 1441 (lis
725 1413 832 1451 gem‘li
848 1411 983 1452 deosque
1002 1413 1150 1452 gem'lari
1166 1416 1314 1453 poteram
1334 1408 1479 1440 indicare
1501 1409 1651 1439 Senecae
1673 1419 1739 1440 non
1759 1420 1833 1440 esse
1852 1407 1913 1440 sed

148 1463 274 1506 Virgilii
293 1465 375 1494 Aen.
396 1462 457 1499 IX,
480 1464 563 1493 (5⁴2.
586 1462 681 1493 sicuti
701 1462 753 1493 illa
773 1462 861 1493 Dial.
882 1463 926 1499 ll,
952 1464 1006 1496 10.
1028 1463 1061 1494 3.
1082 1465 1207 1494 lantum
1227 1462 1266 1493 (le
1285 1474 1319 1492 se
1338 1462 1445 1493 licere.
1466 1471 1551 1503 quae
1571 1466 1647 1492 sunt
1662 1472 1701 1492 ex
1718 1460 1811 1504 Virg.
1829 1461 1911 1492 Aen.

148 1514 205 1554 VI,
228 1516 310 1546 502.
333 1514 393 1546 sed
412 1514 444 1545 id
465 1514 575 1545 facere
594 1514 738 1557 neglexi.
760 1514 815 1545 ubi
836 1526 899 1545 non
920 1514 1049 1558 integra
1070 1513 1130 1546 sed
1150 1514 1259 1557 aliquo
1281 1513 1380 1544 modo
1402 1518 1526 1544 mutata
1545 1517 1667 1555 poetae
1687 1512 1787 1543 verba
1806 1512 1913 1555 posita

148 1572 241 1603 sunt;
268 1566 327 1598 sed
347 1567 377 1598 in
399 1566 604 1597 observanda
625 1578 663 1597 ea
683 1566 864 1598 imitatione
883 1578 997 1609 parum
1023 1565 1198 1609 diligentes
1226 1565 1360 1597 suerunt
1386 1564 1551 1603 editores,
1580 1564 1665 1595 adeo
1693 1569 1729 1595 ut
1751 1575 1911 1596 nonnum-

149 1629 245 1660 quam
265 1618 360 1649 ctiam
381 1624 470 1650 totos
491 1618 616 1661 Virgilii
638 1630 750 1649 versus
771 1630 836 1662 ego
862 1619 985 1661 primus
1011 1617 1233 1650 indicaverim.
1260 1637 1309 1641 ——-
1343 1613 1426 1649 ibid.
1447 1620 1469 1656 β
1489 1614 1523 1649 ⁸2.
1553 1620 1707 1658 {anquam
1730 1618 1822 1647 cuius
1846 1618 1912 1647 iam

148 1681 199 1701 res
226 1671 393 1712 agebatur]
423 1670 459 1701 In
488 1670 562 1701 cod.
585 1672 620 1701 A.
644 1677 676 1702 et
704 1671 772 1702 aliis
801 1682 865 1702 non
894 1676 944 1702 est
970 1674 1124 1712 lanquczm
1152 1670 1210 1702 sed
1237 1682 1354 1712 quom,-
1381 1669 1569 1701 facillimum
1594 1674 1701 1699 tamen
1731 1668 1834 1699 visum
1860 1673 1912 1700 est

148 1721 228 1753 illud
254 1721 428 1754 restituere
455 1734 527 1753 cum
556 1723 596 1753 sit
622 1722 652 1753 in
679 1728 824 1765 quatuor
849 1722 948 1754 codd.
979 1728 1012 1754 et
1038 1722 1068 1754 in
1096 1722 1173 1754 edd.
1194 1722 1352 1759 vetustis:
1380 1727 1479 1764 atque
1508 1721 1605 1752 etiam
1624 1719 1712 1751 Dial.
1733 1720 1773 1756 V,
1796 1720 1855 1760 3⁵2,
1875 1720 1909 1752 3.

148 1776 306 1815 tamquam
327 1786 386 1817 pro
406 1786 500 1816 quam
521 1774 746 1816 reponendum
766 1786 841 1805 esse
862 1773 977 1812 docui;
1000 1786 1071 1806 nam
1092 1774 1182 1817 quod
1199 1775 1239 1806 F.
1256 1773 1359 1805 voluit
1374 1776 1439 1805 tom
1455 1773 1486 1805 in
1507 1771 1728 1804 antecedente
1748 1771 1912 1803 sententia

148 1825 302 1868 intelligi.
330 1838 391 1857 non
414 1826 649 1868 comprobatur
668 1826 796 1858 idoneis
817 1826 994 1869 exemplis3
1033 1833 1065 1858 et
1090 1830 1195 1858 lamen
1222 1826 1414 1869 particulam
1440 1836 1542 1869 aegre
1564 1823 1750 1862 desideres,
1777 1823 1802 1854 si
1831 1823 1909 1855 velis

147 1888 207 1920 pro
236 1889 274 1908 ea
300 1881 364 1909 lam
390 1889 525 1919 ponere.
552 1897 601 1901 -—
633 1875 715 1910 ibid.
738 1882 759 1917 ᾗ·
780 1876 814 1909 4.
844 1881 876 1909 et
901 1881 933 1909 ὧι
953 1890 1030 1919 qnos
1049 1882 1095 1909 lol
1114 1881 1219 1910 animi
1241 1879 1341 1919 bona]
1379 1878 1482 1909 Abest
1508 1877 1548 1908 ab
1577 1875 1654 1908 edd.
1682 1878 1714 1907 et
1738 1874 1910 1918 particula,

149 1940 243 1971 quam
265 1928 376 1961 addidi
396 1942 434 1961 ex
456 1930 531 1961 cod.
552 1932 602 1961 A..
624 1930 653 1961 in
675 1942 740 1972 quo
770 1930 865 1961 deest
891 1933 923 1961 ite
952 1930 1172 1973 praepositio,
1199 1931 1229 1962 in
1257 1930 1376 1973 quibus
1403 1929 1539 1961 vocibus
1565 1927 1831 1970 frequentissima
1857 1931 1908 1958 est

148 1981 335 2015 fluctuatio.
363 1982 500 2013 maxime
520 1981 549 2013 in
572 1982 783 2024 epistolarum
805 1982 903 2013 codd.
926 1982 985 2013 sed
1005 1982 1056 2014 hic
1077 1994 1212 2025 quoqne
1233 1994 1260 2014 c.
1290 1983 1346 2017 16.
1370 1983 1388 2012 2
1420 1993 1492 2013 cum
1520 1980 1550 2012 in
1572 1979 1647 2011 cod.
1668 1981 1693 2011 Α
1714 1979 1755 2011 sit
1773 1981 1909 2011 coutem—

142 2035 201 2074 pz‘o
220 2035 253 2064 iu
271 2033 375 2071 hoste,
404 2033 517 2065 dubito
545 2045 584 2065 an
611 2040 701 2065 recte
728 2034 860 2077 legatur
878 2034 908 2065 in
929 2033 1004 2065 cod.
1026 2047 1059 2078 g.
1082 2037 1258 2077 contemplo
1278 2037 1309 2065 et
1328 2034 1439 2071 leoste‚·
1473 2033 1516 2064 ib.
1538 2032 1557 2071 ᾖ
1581 2034 1597 2063 7
1625 2043 1704 2063 vero
1733 2031 1808 2063 nihil
1834 2030 1909 2061 novi

149 2085 372 2126 quaerendum
392 2086 422 2116 in
444 2097 484 2116 eo
506 2085 596 2127 qnod
617 2085 714 2117 codd.
732 2085 854 2118 habent
872 2090 903 2117 el
923 2089 1129 2117 z'mm'ssmwm
1150 2086 1198 2118 vel
1219 2090 1250 2118 cl
1266 2089 1297 2117 2⁷71
1319 2088 1510 2130 amissarum
1531 2095 1590 2127 pro
1612 2083 1747 2127 vulgato
1763 2086 1794 2114 et
1811 2085 1909 2114 amis-

148 2146 265 2167 sarum.
294 2137 335 2168 cf.
357 2136 398 2168 ad
419 2149 489 2180 cap.
516 2139 571 2174 12⁴.
595 2138 626 2169 6.
666 2138 821 2169 Ceterum
842 2138 909 2170 sive
930 2137 1033 2169 addas
1053 2142 1084 2170 ef
1103 2138 1296 2182 particulam
1324 2138 1391 2169 sive
1412 2137 1554 2175 omittas,
1583 2135 1780 2179 elegantiam
1803 2135 1908 2166 Sene-

149 2198 208 2219 cae
239 2188 390 2230 prot'ecto
424 2201 487 2220 non
522 2189 689 2223 laudabis,
724 2190 777 2232 qui
806 2190 887 2221 duas
916 2191 1095 2222 sententias
1121 2190 1272 2222 relativas
1298 2190 1422 2232 pariter
1447 2188 1608 2224 iunxerit,
1642 2198 1779 2230 quarum
1804 2186 1909 2229 impar

148 2239 230 2271 ratio
251 2246 316 2277 est;
342 2240 401 2271 sed
421 2240 573 2273 videlicet
591 2241 622 2272 in
644 2246 713 2273 toto
734 2241 797 2273 hoc
817 2253 943 2285 genere
963 2254 1064 2285 saepe
1086 2242 1256 2275 Ciceronis
1277 2248 1379 2273 artem
1400 2240 1644 2277 desideramus,
1673 2250 1758 2281 quae
1785 2238 1825 2269 ab
1846 2238 1908 2270 Se·

147 2301 250 2322 aecae
276 2291 409 2335 ingenio
433 2292 599 2325 abhorret.
626 2312 677 2316 ——-
705 2289 820 2327 CAP.
841 2290 953 2334 XVI,
980 2293 1008 2326 1.
1038 2306 1108 2326 cum
1133 2294 1340 2326 muliebribus
1364 2295 1516 2336 ingeniis]
1541 2292 1688 2324 Restitui
1713 2291 1908 2334 scripturam

147 2341 224 2373 inde
243 2354 262 2374 a
279 2343 411 2375 Mureto
431 2344 615 2387 vulgatam;
641 2345 746 2377 minus
767 2346 851 2377 enim
869 2345 1048 2389 probabilis
1067 2347 1122 2378 illa
1141 2346 1335 2379 coniectura
1354 2351 1423 2383 est,
1452 2356 1549 2387 quam
1576 2342 1724 2376 secunda
1742 2353 1856 2374 manus
1875 2341 1907 2372 in

150 2393 296 2425 codicem
316 2395 347 2426 D
371 2395 478 2427 intulit
498 2402 531 2428 et
549 2396 589 2428 F.
611 2397 737 2440 recepit
752 2409 821 2429 eum
841 2399 1007 2430 mulierum
1026 2401 1188 2441 ingeniis:
1207 2399 1237 2430 in
1259 2397 1333 2430 cod.
1351 2398 1378 2429 A
1399 2408 1475 2428 vero
1497 2402 1530 2428 et
1549 2396 1617 2427 aliis
1637 2395 1804 2438 plerisque
1823 2393 1909 2437 legi-
