1968 2599
1012 169 1037 212 4

151 298 233 327 esse,
262 294 456 329 quamquam
475 281 677 314 recentiores
703 292 751 323 gr
746 278 905 310 immatici
930 279 960 309 in
989 277 1046 309 obs
1052 277 1194 309 erxanda
1222 288 1261 308 ea
1287 277 1498 321 indiligentes
1527 276 1677 318 suerunt,
1707 277 1829 321 quippe
1855 279 1911 322 qui

150 340 211 371 toti
230 338 292 369 sint
310 338 340 368 in
361 347 399 367 ea
420 334 638 377 discrepantia
659 329 925 370 demonstranda,
946 341 1032 372 quae
1048 330 1078 361 in
1091 329 1203 360 formis
1219 329 1385 361 nominum
1402 328 1688 369 ιιῐιῐηιιιᾶιρηῑῐιιι·;
1708 329 1816 362 medio
1832 342 1911 363 vero

151 402 230 422 aevo
247 389 286 420 ad
303 386 439 419 notionis
455 386 672 417 diversitatem
690 391 751 415 tam
768 387 920 414 accurate
941 380 1157 421 attenderunt,
1177 381 1249 412 utF
1253 381 1362 413 lorista
1380 393 1406 412 ι.
1419 382 1465 413 60
1481 394 1549 425 sqq.
1565 387 1689 425 septem
1705 382 1831 424 species
1844 383 1912 415 eius

149 452 250 486 gener
253 441 277 471 is
288 439 407 470 distino
385 435 799 481 t,uatquannismagisillas
809 433 968 465 subtiliter
978 433 1180 476 excogitatas
1191 444 1288 475 quam
1297 433 1464 464 Romanor
1468 445 1517 465 um
1530 445 1586 465 usu
1596 434 1912 474 confirmatas,cuius

150 501 215 525 tum
235 503 311 523 cula
331 490 414 522 nulla
435 501 470 521 ei
473 496 513 521 at
542 489 577 520 ln
595 488 719 519 Seneca
739 497 816 517 xeno
837 483 971 516 fen-zeum
991 460 1257 524 t‹1lia⁰sa11t,cum
1279 484 1330 516 eti·
1325 496 1374 515 im
1394 484 1483 517 ludat
1501 486 1607 528 figura
1627 485 1782 517 simillima
1799 484 1871 518 dial.
1886 486 1912 526 Ι,

151 558 177 576 ‹·.
199 545 232 580 ἑ3,
257 544 313 574 12.
334 542 387 574 ubi
407 541 447 572 de
468 542 603 572 Socrate
624 539 716 570 dicit:
737 538 776 569 (Ie
795 540 894 568 mazze
913 537 1096 578 disputat-el
1114 548 1212 578 usqne
1232 536 1276 567 (ΝΖ
1295 538 1422 578 ipsam;
1450 543 1482 569 et
1500 537 1630 568 similius
1648 537 1724 569 illud
1745 542 1803 577 est,
1824 537 1912 581 quod

150 594 229 627 infra
250 606 276 626 c.
302 595 360 633 ²24,
382 594 401 624 :2
425 592 464 624 de
486 589 688 630 verecundia,
710 601 792 632 quae
812 590 854 620 ibi
874 589 987 620 Metilii
1007 588 1205 631 intelligitur,
1226 599 1427 620 communem
1448 588 1594 632 adiungit
1609 589 1798 621 sententiam
1815 589 1913 621 inter-

149 647 254 690 posito
275 645 464 688 pronomine
484 643 614 674 relatixo
635 654 726 684 qnae.
765 640 830 672 Sed
851 641 917 672 sive
938 652 1047 671 verum
1069 646 1116 671 est
1136 639 1222 683 quod
1243 651 1306 683 ego
1328 639 1368 671 dc
1389 640 1574 672 coniectura
1597 641 1689 683 posui
1714 653 1821 683 quam.
1845 641 1913 673 sive

151 699 209 730 alia
230 698 271 728 ibi
292 697 410 739 scripta
430 695 568 740 suerunt.
587 694 616 724 in
637 705 675 725 eo
697 699 786 725 certe
806 693 878 723 milii
901 699 989 724 recte
1009 693 1157 723 Senecae
1176 698 1316 723 mentem
1337 691 1494 723 divinasse
1516 691 1637 723 videor.
1664 692 1751 736 qnod
1771 693 1912 735 priorem

150 749 326 781 sententiae
346 754 468 791 partem
484 746 523 778 ad
540 745 648 779 Drusi.
668 745 882 788 posteriorem
899 744 938 775 ad
955 742 1179 775 defunctorum
1196 744 1335 775 omnium
1352 744 1538 775 memoriam
1560 744 1721 787 pertinere
1741 745 1846 776 statui.
1861 764 1912 768 —

150 797 233 834 ibid.
255 803 276 839 ,ξ
298 798 332 833 3.
360 803 492 841 sps-(asne
518 797 708 829 desiderans
728 798 822 827 [risle
842 797 998 827 mab-ibus
1017 807 1104 826 omen
1125 797 1303 836 occurrere]
1323 795 1492 827 Edebatur
1512 796 1609 839 vulgo
1628 796 1757 827 Mureto
1778 802 1912 828 auctore

149 864 298 885 occurres
317 857 427 883 contra
447 850 542 880 libros
562 860 690 885 omnes;
710 854 821 880 contra
842 848 1051 883 retinebatur.
1071 847 1156 890 quod
1177 854 1225 880 est
1244 848 1273 879 in
1294 848 1439 879 omnibus
1460 848 1546 879 libris
1566 850 1753 890 spsmnquffl
1772 854 1804 880 et
1822 848 1912 879 Ruh-

151 905 278 948 kopfius
297 903 423 946 quidem
443 902 603 933 Muretum
625 900 890 943 Gronoviumque
909 911 1046 942 sequens
1066 899 1110 930 sic
1131 900 1398 942 interpungebat:
1431 902 1463 930 el
1489 903 1559 930 {nos
1579 892 1761 942 ipsumque,
1788 900 1913 931 deside-

151 968 252 994 ra12s‚·
271 957 363 986 lrssle
381 973 430 977 —-
448 964 616 984 occurres:
636 953 815 994 rolnplales
839 972 881 975 ——
902 954 1029 983 reicies.
1051 950 1137 994 quod
1158 951 1243 982 nullo
1265 951 1361 982 modo
1382 950 1458 982 ferri
1475 963 1570 994 posse
1586 951 1730 991 videtum
1751 963 1812 983 non
1829 952 1912 983 enim

152 1013 259 1051 potest
272 1006 393 1038 Marcia
414 1005 510 1036 filium
531 1011 691 1036 mortuum
712 1003 802 1035 simul
823 1010 853 1035 et
874 1003 1061 1034 desiderare
1081 1008 1111 1034 et
1132 1003 1273 1034 aversari
1293 1002 1367 1040 dici,
1387 1014 1470 1046 quae
1489 1009 1562 1035 sunt
1580 1003 1663 1035 inter
1682 1015 1716 1035 se
1733 1003 1912 1043 contraria;

151 1060 295 1091 nimirum
315 1055 514 1089 manifestum
535 1062 593 1095 est,
613 1056 723 1099 paucis
742 1056 844 1098 repeti
867 1055 928 1086 lioc
955 1055 1045 1087 loco.
1072 1066 1154 1098 quae
1181 1061 1273 1086 antea
1299 1054 1442 1097 pluribus
1471 1055 1575 1086 verbis
1603 1055 1644 1087 de
1664 1055 1800 1087 Octavia
1827 1054 1914 1086 dicta

151 1116 239 1147 sunt3
258 1110 308 1140 illa
328 1110 409 1140 enim
431 1115 462 1139 ct
482 1108 602 1139 alienos
623 1108 740 1139 liberos
761 1113 791 1138 et
811 1118 885 1138 suos
906 1107 1115 1138 aversabatur
1134 1107 1162 1137 in
1185 1107 1274 1138 unius
1296 1107 1411 1138 mortui
1433 1106 1486 1138 filii
1508 1107 1661 1138 memoria
1681 1106 1798 1146 defixa,
1818 1118 1913 1150 quem

151 1161 296 1205 profecto
318 1172 378 1191 non
399 1160 608 1191 aversabatur
633 1159 690 1191 sed
710 1159 926 1191 desiderabat.
960 1159 1074 1202 Itaque
1101 1159 1302 1201 participium
1330 1158 1520 1190 desiderans
1546 1159 1571 1190 si
1598 1170 1670 1190 cum
1699 1157 1913 1190 antecedente

152 1214 248 1245 xerbo
269 1212 484 1255 coniungitur,
504 1223 564 1253 que
582 1211 769 1254 particulam
790 1211 889 1242 deleri
911 1222 1045 1242 necesse
1065 1217 1129 1247 θεῖς
1155 1211 1179 1241 si
1205 1211 1274 1253 quis
1294 1210 1439 1253 Lipsium
1464 1216 1593 1242 secutus
1619 1211 1821 1253 participium
1841 1221 1913 1242 eum

151 1271 303 1308 sequente
324 1265 421 1295 verbo
442 1264 594 1306 coniungi
620 1263 709 1302 velit,
736 1262 821 1306 quod
850 1269 897 1294 est
923 1274 1089 1294 occurres.
1117 1263 1201 1305 perit
1220 1262 1288 1297 illa,
1315 1274 1398 1305 quae
1426 1262 1556 1305 placere
1574 1268 1703 1305 poterat
1722 1262 1839 1294 mortui
1858 1261 1913 1293 filii

153 1328 223 1348 cum
243 1316 349 1348 liberis
370 1316 444 1347 viris
465 1315 675 1357 comparatio.
695 1321 726 1346 et
745 1320 893 1357 superest
912 1314 982 1353 alia,
1003 1326 1062 1358 qua
1084 1314 1134 1345 illa
1156 1325 1284 1357 quoque
1305 1315 1385 1345 ratio
1405 1315 1571 1357 premitur,
1591 1312 1762 1345 difficultas
1781 1314 1811 1344 in
1832 1324 1913 1345 voce

153 1371 254 1410 ipsam
274 1368 392 1411 positag
418 1367 487 1409 quis
507 1367 588 1398 enim
610 1366 731 1403 credet,
753 1378 812 1398 una
831 1366 891 1398 liae
912 1378 991 1397 voce
1011 1365 1166 1409 appellari
1185 1366 1328 1409 potuisse
1347 1366 1492 1397 Marciae
1511 1365 1607 1397 filium
1628 1371 1802 1405 mortuum,
1823 1365 1913 1397 cuius

152 1427 243 1452 antea
264 1420 345 1451 nulla
366 1419 483 1451 mentio
505 1417 583 1450 fuit?
612 1430 710 1462 quare
731 1429 794 1462 ego
815 1418 897 1450 lianc
916 1418 1015 1461 ipsam
1039 1429 1149 1449 vocem
1171 1423 1355 1460 corruptam
1377 1430 1447 1449 esse
1468 1424 1572 1455 ratus,
1599 1417 1718 1460 qnippe
1740 1428 1834 1459 quam
1854 1416 1911 1448 im-

152 1471 290 1514 prudens
309 1471 455 1502 librarius
475 1470 739 1502 accommodasse
759 1469 884 1501 videtur
903 1470 942 1501 ad
963 1471 1054 1501 triste
1073 1481 1178 1506 omen,
1198 1472 1333 1511 ipsoque
1347 1470 1460 1512 scripsi
1477 1475 1509 1501 et
1524 1469 1641 1501 deinde
1657 1482 1674 1500 e
1689 1468 1776 1500 libris
1789 1468 1912 1500 restitui

152 1535 337 1561 oecurrere;
355 1523 398 1554 ita
419 1523 500 1553 enim
521 1522 684 1564 aptissime
704 1522 861 1553 Octaviae
880 1521 930 1552 illa
951 1522 980 1552 in
1002 1521 1144 1564 lugendo
1167 1521 1231 1552 filio
1253 1522 1428 1563 pertinacia
1449 1521 1662 1564 significatur,
1682 1532 1765 1563 quae
1784 1531 1846 1551 non
1866 1520 1913 1551 in-

152 1575 214 1606 vita
232 1581 363 1618 propter
382 1573 594 1606 calamitatem
615 1585 702 1605 suam
723 1574 813 1605 triste
833 1574 987 1604 matribus
1014 1585 1106 1604 omen
1135 1573 1345 1611 occurrebat,
1374 1573 1525 1616 quamdiu
1552 1572 1584 1604 id
1611 1572 1659 1604 vel
1685 1583 1743 1615 par
1768 1578 1838 1603 erat
1863 1570 1912 1603 vel

152 1627 324 1658 necessitas
344 1626 506 1669 exigebat.
525 1625 581 1656 sed
603 1637 684 1668 quae
703 1625 734 1656 id
755 1626 822 1668 ipsa
843 1625 1032 1657 desiderare
1052 1624 1226 1663 xideretur,
1246 1636 1317 1656 cum
1337 1624 1507 1668 lugubrem
1527 1630 1648 1656 vestem
1668 1634 1839 1667 numquam
1856 1622 1911 1654 de-

152 1685 287 1721 poneret
305 1677 439 1720 talisque
459 1688 517 1720 per
536 1688 661 1708 omnem
685 1677 778 1708 vitam
804 1683 907 1714 esset,
935 1677 1036 1719 qualis
1063 1677 1092 1708 in
1120 1675 1242 1708 sunere.
1279 1676 1362 1708 Illud
1390 1676 1528 1720 denique
1553 1681 1699 1719 apertum
1729 1681 1792 1715 est,
1817 1685 1912 1718 quam

154 1735 228 1772 apte
246 1730 275 1760 in
295 1729 355 1761 hac
375 1740 446 1761 mea
464 1729 590 1760 ratione
608 1729 814 1772 participium
833 1729 1024 1761 desiderans
1044 1728 1264 1772 coniungatur
1283 1739 1356 1760 eum
1377 1729 1476 1760 verbo
1493 1730 1608 1760 reicies
1624 1734 1656 1760 et
1671 1738 1754 1770 quae
1770 1737 1913 1769 sequun-

152 1787 222 1816 tur:
250 1788 286 1812 ut
306 1781 388 1812 enim
407 1781 498 1812 triste
518 1792 611 1812 omen
631 1779 753 1812 faciunt
771 1793 846 1812 aves
866 1780 1029 1812 solitariae
1048 1781 1186 1812 maxime
1206 1786 1239 1812 et
1257 1780 1363 1812 lucem
1388 1779 1568 1823 fugientes,
1597 1778 1638 1811 cf.
1660 1780 1752 1822 epist.
1775 1779 1858 1817 1⁴22,
1878 1778 1912 1810 3.

152 1833 195 1864 ita
215 1832 350 1864 Octavia
370 1844 504 1875 quoque
523 1833 662 1864 tenebris
690 1839 722 1864 et
740 1832 904 1864 solitudini
931 1831 1185 1873 familiarissima,
1213 1832 1395 1875 voluptates
1420 1832 1571 1863 honestas
1595 1831 1732 1863 reiciens
1759 1836 1791 1862 et
1815 1830 1912 1862 invita

152 1883 287 1916 haerens
307 1884 335 1916 in
356 1884 428 1916 luce
448 1895 511 1916 non
530 1885 638 1927 potuit
655 1884 680 1915 si
701 1884 831 1927 quando
853 1885 1008 1916 matribus
1028 1890 1229 1923 occurreret,
1248 1896 1311 1915 non
1332 1896 1403 1916 esse
1422 1895 1481 1927 pro
1501 1883 1581 1915 tristi
1601 1883 1718 1915 omine.
1755 1882 1912 1914 Ceterum

152 1935 238 1967 haud
258 1936 326 1967 scio
346 1948 385 1968 an
405 1936 522 1968 deinde
541 1942 684 1979 praestet
702 1939 804 1968 lui-ila
824 1937 967 1968 scribere
986 1947 1046 1979 pro
1067 1939 1194 1974 Messa,-
1220 1947 1416 1978 quamquam
1445 1937 1501 1967 lua·
1520 1937 1624 1967 invisa
1647 1934 1766 1966 dicitur
1784 1933 1858 1965 alibi
1877 1938 1914 1965 ut

154 1998 206 2029 ap.
228 1988 360 2024 Quintil.
380 1988 514 2020 declam.
534 1987 656 2028 XVIII,
677 2000 704 2020 c.
728 1990 782 2020 17.
803 1995 882 2020 extr.
903 1988 1044 2031 denique
1070 2000 1185 2020 vocem
1201 1990 1380 2031 permissos
1404 1988 1554 2031 suspicor
1581 1987 1620 2018 ab
1638 1987 1821 2029 interprete
1845 1985 1912 2016 illa-

154 2044 229 2070 tam.
247 2058 297 2063 —
324 2036 406 2072 ibid.
427 2042 450 2079 ,ξ
470 2037 505 2072 -1,
532 2040 639 2072 Voces
657 2052 696 2071 ρι-
716 2043 836 2071 misius.
856 2040 970 2072 merito
990 2046 1159 2084 suspectas
1177 2040 1346 2080 FickertO,
1367 2040 1477 2072 vellem
1497 2039 1587 2071 uncis
1606 2036 1912 2075 circumdedissem3

152 2089 353 2123 manifestum
375 2092 457 2124 enim
477 2091 682 2135 glossematis
701 2091 853 2124 indicium
874 2098 932 2130 est,
953 2092 1041 2135 quod
1063 2092 1155 2124 deest
1175 2103 1234 2123 vox
1262 2104 1301 2124 ac
1319 2093 1349 2123 in
1370 2092 1498 2135 optimis
1516 2090 1729 2134 plurimisque
1747 2087 1856 2128 codd,
1880 2088 1913 2119 in

153 2153 219 2173 uno
245 2148 294 2174 est
318 2146 358 2175 el.
402 2144 523 2175 Similia
549 2143 695 2186 exempla
720 2155 793 2176 cum
819 2144 893 2175 alibi
920 2150 994 2176 sunt
1017 2143 1104 2176 haud
1130 2155 1253 2187 pauca.
1279 2150 1348 2176 tum
1374 2144 1403 2175 in
1430 2142 1568 2186 dialogis
1593 2141 1693 2175 haec:
1727 2141 1771 2180 Π,
1798 2141 1856 2181 12,
1876 2139 1911 2172 3.

153 2193 244 2233 VIII,
265 2195 349 2234 5‚:›.
376 2195 418 2229 Χ
438 2196 523 2235 ()‚4.
556 2196 619 2235 14,
667 2195 813 2236 .ΧΙ,4,
838 2197 868 2227 1.
898 2194 979 2227 infra
1007 2208 1033 2228 c.
1058 2197 1113 2234 11,
1135 2198 1166 2228 ι2.
1197 2197 1254 2236 12,
1275 2196 1308 2228 3.
1335 2196 1446 2237 23,1.
1474 2195 1532 2235 26,
1554 2195 1585 2226 5.
1615 2193 1654 2226 cf.
1678 2192 1844 2225 Drakenb.
1870 2190 1911 2223 ad

154 2244 224 2276 Liv.
245 2244 300 2286 IV,
321 2247 380 2286 55,
400 2247 432 2278 5.
467 2246 572 2278 Paulo
592 2252 668 2290 post
692 2258 805 2279 vocem
830 2248 947 2279 malum
966 2247 1053 2279 nolui
1079 2259 1152 2279 cum
1172 2248 1212 2279 F.
1233 2247 1380 2287 abicere,
1405 2248 1436 2279 in
1461 2258 1525 2290 qua
1551 2258 1636 2290 quae
1661 2250 1736 2277 sunt
1760 2243 1913 2276 codicum

154 2295 398 2340 discrepantiae,
418 2309 475 2329 eae
494 2298 557 2331 hoc
575 2298 680 2330 solum
700 2300 925 2342 comprobant,
944 2310 1038 2331 usum
1058 2300 1127 2331 eius
1147 2300 1236 2332 vocis
1256 2300 1407 2343 ignotum
1427 2297 1526 2330 fuisse
1545 2298 1695 2335 librariis3
1723 2307 1784 2328 nec
1803 2299 1913 2327 movet

152 2357 204 2379 me
228 2347 334 2391 quod,
360 2349 385 2381 si
411 2356 501 2382 recte
525 2351 670 2391 memini,
696 2351 784 2393 apud
804 2351 961 2383 Senecam
987 2351 1107 2384 nullum
1133 2357 1305 2395 praeterea
1330 2352 1400 2383 eius
1426 2362 1504 2383 usus
1529 2349 1711 2393 exemplum
1730 2347 1910 2392 reperitur;
