1968 2599
227 260 450 295 Bibliothecae
493 259 708 292 Academicae
758 257 890 291 lecturis
930 262 1065 300 apertae
1110 257 1267 300 patebunt
1306 256 1420 290 diebus
1464 257 1548 290 Lun.
1581 258 1682 290 Mero.
1720 258 1789 291 lov,
1825 258 1893 292 Sat.

127 315 197 347 hor.
216 325 256 347 11.
276 318 308 346 et
326 323 395 353 111.,
440 311 539 344 libros
565 310 713 355 petituris
739 315 772 342 et
804 308 981 342 reddituris
1005 309 1090 342 dieb.
1122 309 1215 341 Mart.
1248 309 1350 342 Merc.
1384 310 1462 342 Ven.
1494 309 1563 342 Sat.
1595 309 1665 342 hor.
1684 320 1729 342 x1.
1783 309 1905 355 Leges·

128 366 246 399 indicat
271 363 393 397 scheda
420 363 451 396 in
480 362 656 396 coenaculo
683 361 798 394 studiis
826 361 935 394 dicato
963 361 1141 405 proposita.
1195 361 1245 393 Ex
1272 361 1402 405 reliquis
1436 361 1538 394 tribus
1572 361 1660 394 urbis
1693 361 1896 395 bibliothecis

127 417 359 460 Rhedigerana
385 427 457 448 cum
476 415 643 459 Burgiana
669 413 710 446 ad
737 412 853 446 aedem
872 413 906 445 S.
926 413 1136 446 Elisabethae
1163 413 1349 446 consociata
1375 413 1499 457 patebit
1523 413 1637 446 diebus
1655 414 1757 446 Mero.
1776 420 1809 447 et
1826 415 1895 447 Sat.

125 470 164 502 ab
183 469 262 500 hora
281 478 323 501 11.
342 467 383 500 ad
404 479 468 506 1v.;
496 479 533 499 ea
559 472 677 507 autem,
705 477 789 508 quae
813 470 865 498 est
889 465 929 497 ad
957 465 1072 498 aedem
1099 465 1133 498 S.
1157 464 1336 504 anrdi,
1362 465 1496 510 singulis
1522 465 1636 498 diebus
1662 466 1748 498 Iovis
1773 465 1895 499 eisdem

124 520 228 559 horim
262 519 304 552 de
334 520 441 559 tertia,
469 531 551 563 quae
578 518 618 550 ad
648 517 763 550 aedem
802 518 837 550 S.
869 517 993 550 Mariae
1023 517 1241 561 Magdalenae
1282 523 1447 557 servatur,
1485 517 1725 550 conveniendus
1762 517 1896 563 singulis

124 572 237 605 diebus
256 571 387 604 Saturni
405 572 446 604 ab
464 571 544 603 hora
563 582 592 603 x.
612 569 654 602 ad
673 581 735 603 Συ.
755 568 1017 602 bibliothecarius
1036 575 1096 607 est,
1116 570 1168 613 qui
1188 575 1237 601 est
1255 569 1414 614 gymnasii
1434 569 1476 602 M.
1495 569 1756 614 Magdalenensis
1773 575 1896 603 rector.

226 675 444 708 Collectiones
472 686 578 707 rerum
612 680 646 706 et
672 673 959 706 instrumentorum
987 672 1028 705 ad
1057 672 1240 720 physicam,
1269 673 1515 713 astronomiam,
1542 679 1731 715 anatomen,
1764 672 1896 722 physio-

126 728 264 772 logiam,
298 726 482 771 zoologiam
510 725 754 769 pertinentium,
791 725 870 758 artis
903 731 936 758 et
969 725 1192 768 antiquilatum
1222 725 1369 758 Museum
1397 731 1430 758 et
1463 725 1677 770 pinacotheca
1706 725 1895 770 inspiciendi

123 780 214 813 venia
242 791 300 812 suo
328 778 401 811 loco
429 784 462 811 et
491 784 640 821 tempore
675 778 846 821 impetrata
873 777 1146 811 monstrabuntur.
