1968 2599
925 149 950 192 3

46 263 241 306 scripturam
260 260 340 293 inde
362 271 380 291 a
401 259 572 291 Gronovio
594 258 762 302 vulgatam
782 261 901 296 malm]
929 269 1001 289 nam
1030 257 1120 300 quod
1140 257 1180 288 F.
1209 269 1227 289 e
1253 268 1313 288 sua
1341 257 1533 289 coniectura
1554 259 1666 301 posuit
1684 270 1819 300 aequum

47 319 80 348 in
99 316 182 350 alio,
208 313 241 345 id
268 323 467 356 quamquam
493 310 642 354 proxime
669 310 800 342 accedit
827 310 869 342 ad
893 310 1005 353 optimi
1025 309 1100 341 cod.
1123 312 1159 341 Α.
1182 315 1215 340 et
1234 308 1346 340 Berol.
1367 309 1563 352 scripturam
1584 322 1684 352 aequo
1703 312 1819 342 maluo.

46 367 136 399 nullo
156 371 266 398 tamen
286 364 349 396 alio
369 363 501 395 nomine
527 362 660 405 placere
687 368 816 406 potest:
845 362 946 394 *oluit
971 361 1055 393 enim
1076 362 1207 393 Seneca
1236 361 1357 392 iustum
1385 360 1465 393 illud
1492 361 1627 393 dolendi
1654 368 1819 405 tempera-

45 423 192 451 mentum
210 416 412 461 significare‚
439 414 531 458 quod
559 420 636 458 apte
663 415 847 447 coniunctis
875 413 1047 446 contrariis
1075 413 1192 445 officiis
1214 412 1374 452 efficitur3
1400 418 1501 456 atque
1520 414 1551 445 in
1572 414 1664 446 Liria
1684 420 1818 458 poterat

48 470 199 503 Caesaris
219 467 378 512 splendor
396 467 481 499 hanc
500 467 562 498 vim
582 466 717 504 habere,
738 472 774 498 ut
793 466 904 498 matris
925 465 1076 497 dolorem
1095 466 1188 497 nimis
1208 464 1303 497 facile
1323 471 1481 505 exueret3
1502 471 1634 509 poterat
1653 467 1731 498 item
1750 479 1817 499 ma-

45 528 159 555 ternus
180 521 332 553 adfectus
353 519 438 551 adeo
461 518 636 551 vehemens
657 531 742 559 esse,
771 524 808 550 ut
826 518 857 550 in
878 517 990 550 odium
1010 517 1061 548 vel
1081 523 1307 561 contemptum
1322 517 1514 561 principalis
1534 517 1688 550 fortunae
1709 530 1817 551 erum-

45 579 153 619 peret.
194 573 320 605 Contra
345 572 372 603 si
397 574 429 603 7'71
456 572 521 603 (ιΙίο
547 571 747 611 scribamus,
775 570 913 602 materni
934 570 1053 601 amoris
1080 570 1169 601 nulla
1195 570 1278 601 ratio
1299 569 1456 610 habetur,
1484 581 1544 613 pro
1567 570 1711 602 Caesare
1737 583 1816 603 vero

46 626 128 658 alius
148 625 251 668 quivis
272 625 418 667 ponitur,
439 623 532 655 cuius
552 622 717 655 fortunam
740 623 766 654 si
787 623 972 654 tenuiorem
992 622 1133 664 aliquam
1154 622 1320 665 fingimus,
1341 621 1486 653 ieiunum
1507 627 1557 653 est
1577 622 1688 655 dicere
1709 623 1739 655 in
1755 623 1817 655 hac

47 689 182 722 quoque
202 676 438 709 consolationis
457 675 579 718 aliquid
598 675 723 715 inesse;
750 674 828 718 quid
849 686 927 706 vero
940 698 948 714 ,
973 675 1000 706 si
1019 673 1104 705 adeo
1124 673 1209 705 mala
1228 674 1285 713 sit,
1314 679 1351 705 ut
1371 673 1520 706 dolorem
1541 685 1605 705 non
1625 675 1731 707 solum
1750 687 1816 707 non

46 730 181 769 minuat,
201 728 261 760 sed
282 729 380 760 etiam
400 731 547 772 augeat?
585 727 698 763 Quare
719 738 793 759 cum
814 727 894 758 alius
915 725 1057 758 cuiusvis
1077 726 1199 758 mentio
1221 731 1278 758 aut
1297 725 1406 758 ieiuna
1425 726 1467 758 sit
1486 731 1543 758 aut
1562 725 1654 761 salsa.
1674 727 1816 770 praetuli

45 782 279 814 auctoritatem
304 779 459 812 codicum
479 779 552 811 Col.
577 784 611 811 et
629 779 755 823 Bong.,
781 779 976 822 praesertim
1003 790 1078 810 cum
1102 790 1143 810 ne
1170 778 1241 821 ipse
1269 778 1402 821 quidem
1429 779 1571 821 optimus
1599 778 1707 810 codex
1729 779 1815 811 adeo

44 833 147 878 longe
167 833 207 865 ab
227 832 287 864 illis
308 831 470 872 discedat,
490 837 526 863 ut
544 842 610 863 non
629 832 734 874 possit
753 832 870 863 xitiosa
892 831 962 862 eius
983 831 1146 873 scriptura
1167 842 1207 862 ex
1232 829 1286 862 illa
1314 836 1386 862 orta
1412 842 1496 862 esse.
1537 830 1696 862 Ceterum
1723 831 1816 863 simili

45 885 200 918 orationis
227 884 330 917 forma
354 884 386 916 in
411 882 672 915 commendanda
697 882 813 915 eadem
841 882 976 915 dolendi
1000 882 1163 914 modestia
1189 894 1264 914 usus
1293 888 1343 914 est
1363 883 1491 914 Seneca
1511 882 1599 914 Dial.
1620 883 1680 917 XI.
1704 884 1760 922 IS,
1781 884 1814 915 6.

45 939 102 970 Sic
119 949 194 980 rege
214 939 353 969 am‘nmm
373 939 472 973 tumn,
491 938 527 967 ul
545 938 577 967 et
594 936 798 978 sapientibus
818 938 848 967 fe
868 935 1050 977 adprobare
1065 937 1174 977 possis
1195 933 1418 975 etsratribus.
1439 954 1488 957 —
1507 930 1592 967 ibid.
1614 947 1684 967 cum
1703 946 1815 967 memo-

44 992 96 1022 ria
124 990 212 1021 illins
237 991 344 1029 via-[st.
380 990 489 1030 qnam]
518 999 606 1019 nemo
626 990 737 1030 poles!
762 990 903 1020 retinere
921 986 1202 1029 etfrequentare,
1228 989 1288 1028 qui
1309 987 1398 1018 illam
1418 989 1543 1018 lrislem
1561 987 1813 1029 sibz'redde'tlae'l.]

44 1041 172 1074 Locum
191 1040 337 1085 graviter
356 1046 543 1083 corruptum
563 1038 628 1071 leni
647 1051 685 1071 ac
704 1040 731 1072 si
751 1051 814 1072 non
835 1051 923 1080 vera,
944 1045 976 1071 at
995 1045 1086 1071 certe
1100 1038 1261 1082 probabili
1277 1038 1507 1070 emendatione
1523 1050 1599 1070 usus
1615 1038 1658 1071 ita
1674 1039 1814 1076 correxi,

44 1099 79 1126 ut
97 1104 205 1136 neque
223 1092 255 1124 in
274 1091 382 1124 verbis
401 1103 510 1134 neque
529 1092 560 1123 in
580 1092 742 1124 sententia
761 1090 928 1129 offendas:
956 1103 1040 1134 quae
1061 1091 1147 1123 enim
1162 1097 1257 1122 antea
1278 1090 1472 1135 vulgabatur
1491 1091 1661 1134 scriptura.
1682 1091 1815 1123 tolerari

44 1156 108 1177 non
135 1150 283 1188 poterat:
311 1156 380 1176 cum
406 1145 589 1175 memoriam
615 1144 751 1176 alterius
773 1156 862 1175 nemo
877 1147 988 1186 posse!
1006 1146 1147 1175 retinere
1171 1141 1449 1185 clfreqoetenlare,
1473 1145 1549 1186 quin
1575 1144 1663 1175 illam
1689 1146 1816 1175 tristem

43 1197 111 1229 sibe·
125 1197 287 1228 redderet.
324 1196 394 1239 quis
415 1196 500 1228 enim
519 1207 583 1228 non
603 1195 707 1236 videt,
734 1207 799 1227 non
826 1195 868 1227 ad
895 1195 997 1227 solam
1017 1195 1143 1227 Liviam
1168 1195 1250 1227 haec
1271 1195 1370 1226 verba
1389 1201 1556 1238 spectare,
1582 1194 1641 1226 sed
1671 1207 1815 1227 commu—

44 1260 119 1282 nem
139 1260 212 1280 esse
231 1248 436 1288 sententiam,
458 1248 489 1279 in
509 1260 571 1290 qua
592 1260 656 1280 non
677 1254 747 1279 erat
762 1247 963 1291 imperfectis
983 1247 1074 1279 locus
1089 1250 1202 1289 posset
1228 1252 1260 1278 et
1284 1247 1444 1278 rcddcrcl.
1483 1258 1589 1289 neque
1619 1248 1703 1279 oller
1723 1259 1811 1279 com-

43 1299 142 1333 mode
163 1299 290 1341 dicitur,
309 1300 364 1332 ubi
383 1300 587 1343 significatur
606 1299 720 1343 aliquis
740 1300 791 1331 vel
811 1300 894 1331 filius
916 1299 965 1331 vel
985 1299 1064 1331 alius
1083 1306 1240 1339 mortuus,
1261 1311 1358 1342 quem
1374 1299 1426 1330 alii
1441 1310 1644 1342 magnopere
1661 1305 1694 1331 et
1709 1299 1813 1331 vivum

44 1358 235 1385 amaverunt
253 1358 286 1384 et
305 1351 577 1383 desideraverunt
594 1358 774 1390 mortuum;
804 1351 946 1395 denique
966 1351 1045 1383 illud
1065 1350 1269 1383 falsissimum
1289 1358 1350 1390 est,
1371 1350 1461 1394 quod
1481 1350 1598 1383 dicitur
1617 1363 1712 1383 nemo
1733 1351 1814 1383 alte-

43 1405 109 1437 rius
128 1405 317 1436 memoriam
336 1403 547 1447 frequentare
566 1416 665 1446 posse
687 1404 762 1447 quin
782 1404 867 1435 illam
887 1404 1010 1436 tristem
1030 1403 1090 1435 sibi
1109 1403 1245 1443 reddat3
1272 1403 1348 1434 nihil
1377 1403 1463 1435 enim
1488 1403 1592 1446 magis
1621 1409 1732 1446 potest
1757 1403 1813 1435 ab-

43 1456 179 1488 horrere
199 1468 216 1487 a
237 1457 388 1488 Senecae
407 1462 533 1494 mente;
566 1455 630 1487 vid.
651 1456 739 1488 Dial.
760 1456 821 1493 XI,
847 1457 903 1496 18,
927 1458 959 1488 7.
981 1456 1075 1499 epist.
1099 1456 1158 1496 63,
1180 1457 1214 1487 4.
1237 1456 1296 1495 99,
1319 1456 1377 1487 ⁶23.
1422 1457 1530 1497 Atque
1549 1455 1579 1486 in
1600 1454 1660 1487 hac
1681 1454 1814 1498 quidem

44 1519 80 1540 re
99 1508 208 1540 verior
227 1514 276 1540 est
295 1508 454 1551 scriptura
473 1507 537 1547 illa,
558 1520 654 1550 quam
672 1508 847 1540 Fickertus
869 1520 886 1539 e
908 1507 1036 1539 duobus
1056 1507 1155 1539 codd.
1176 1507 1413 1539 recentioribus
1434 1507 1586 1539 adscitit:
1613 1520 1681 1539 cum
1702 1519 1814 1539 memo-

44 1563 129 1592 riam
148 1561 285 1591 alterius
303 1571 359 1591 2¹2oe
378 1560 467 1591 homo
484 1562 591 1602 potest
608 1563 749 1592 retinere
768 1559 1039 1601 elsrequenlare,
1063 1563 1122 1601 qni
1138 1561 1225 1591 illam
1246 1562 1372 1591 tristem
1397 1559 1464 1591 siba·
1486 1559 1642 1591 reddidit.
1687 1559 1747 1591 sed
1773 1571 1814 1592 ne

45 1612 92 1644 sic
112 1611 244 1655 quidem
263 1611 369 1643 omnia
388 1611 595 1643 incommoda
615 1612 741 1643 sublata
759 1619 842 1652 sunt,
863 1624 902 1644 ac
921 1611 1018 1655 plane
1037 1610 1250 1643 intolerabilis
1271 1618 1321 1643 est
1340 1611 1531 1643 indicativus
1546 1614 1664 1653 polest.
1702 1611 1814 1647 Quare

45 1663 139 1696 aliam
159 1662 356 1695 emendandi
376 1663 457 1694 viam
483 1663 651 1707 ingressus
677 1675 766 1704 sum,
792 1676 887 1706 quam
913 1664 1104 1695 monstravit
1130 1663 1204 1696 cod.
1232 1663 1474 1706 antiquissimus
1496 1665 1532 1700 A,
1559 1663 1612 1706 qui
1632 1663 1679 1694 sic
1698 1662 1813 1695 habet:

45 1727 115 1748 cum
133 1716 350 1748 memorz'alins
368 1718 424 1747 vim
442 1727 531 1747 nemo
544 1718 655 1758 polest
672 1718 813 1748 retinere
832 1714 1102 1758 etsrequeulare.
1139 1714 1347 1747 Manifestum
1366 1722 1417 1747 est
1435 1714 1551 1747 librum
1572 1714 1659 1747 unde
1679 1715 1732 1747 ille
1754 1716 1814 1747 flu-

45 1767 111 1809 xit,
138 1768 170 1799 in
194 1767 255 1800 hac
275 1773 369 1811 parte
394 1767 527 1799 lacunas
553 1767 707 1800 habuisse
727 1767 862 1800 madore
888 1768 938 1799 vel
963 1768 1025 1799 alio
1044 1766 1143 1799 modo
1165 1774 1270 1807 ortas3
1297 1767 1388 1811 quod
1408 1779 1480 1799 cum
1500 1766 1704 1799 manifestum
1723 1767 1764 1799 sit
1782 1767 1814 1799 in

47 1819 223 1863 depravata
243 1831 325 1851 voce
344 1820 571 1860 memorialius‚
591 1831 655 1851 non
675 1820 796 1863 poterit
814 1819 1030 1863 improbabile
1049 1819 1152 1851 videri
1171 1820 1201 1851 in
1221 1831 1304 1851 voce
1323 1822 1400 1857 re‘ae,·
1425 1819 1536 1862 itaque
1555 1819 1702 1857 restituo,
1723 1818 1815 1862 quod

47 1877 98 1903 est
115 1871 147 1903 in
166 1871 240 1904 cod.
261 1872 318 1911 D„
337 1883 408 1903 cum
427 1874 576 1903 memoria
596 1873 684 1904 illins
700 1878 732 1904 et
752 1872 873 1904 deinde
892 1872 1007 1915 scripsi
1026 1875 1133 1909 rz'oee'f,·
1153 1883 1237 1914 quae
1258 1872 1343 1903 enim
1361 1877 1457 1903 antea
1474 1871 1560 1903 dicta
1574 1878 1648 1903 sunt
1664 1870 1705 1902 de
1720 1871 1814 1902 Livia

46 1923 234 1955 memoriam
252 1922 354 1955 Drusi
372 1928 536 1967 perpetuo
563 1929 596 1955 et
616 1924 702 1956 omni
720 1923 819 1956 modo
840 1924 1042 1964 celebrante,
1068 1924 1118 1955 vix
1145 1930 1297 1967 poterant
1323 1924 1430 1967 aptius
1456 1922 1691 1966 comprehendi
1717 1934 1814 1965 quam

46 1975 95 2007 his
114 1975 240 2008 verbis:
275 1987 345 2007 cum
364 1978 515 2007 memoria
536 1976 624 2007 illius
642 1979 745 2016 vixit,
771 1976 790 2007 ἰ.
814 1988 843 2008 e.
872 1976 965 2020 quasi
990 1976 1143 2008 comitem
1167 1987 1228 2019 per
1245 1981 1349 2007 totam
1368 1975 1465 2007 vitam
1485 1975 1596 2007 habuit
1615 1974 1671 2007 filii
1689 1986 1813 2006 memo—

47 2027 137 2067 riam,
164 2039 228 2059 non
247 2027 333 2059 illam
350 2033 416 2060 tam
436 2028 588 2067 brevem,
616 2040 701 2071 quae
721 2040 786 2060 non
806 2028 867 2060 nisi
885 2040 960 2060 cum
980 2027 1096 2060 dolore
1115 2033 1281 2068 maneret3
1308 2027 1350 2059 cf.
1371 2028 1466 2072 epist.
1489 2028 1548 2067 63,
1571 2028 1604 2059 3.
1625 2027 1695 2070 pari
1714 2026 1813 2058 modo

48 2079 178 2111 Seneca
197 2082 360 2112 convivere
379 2079 476 2112 alicui
496 2079 620 2112 donum
649 2080 727 2112 dixit
755 2080 797 2112 de
817 2080 940 2112 beneff.
960 2080 987 2121 Ι,
1011 2082 1068 2120 12,
1090 2082 1124 2120 ⁶2,
1148 2080 1238 2123 quod
1258 2080 1288 2112 ei
1306 2087 1469 2123 perpetuo
1488 2079 1603 2111 haeret
1622 2090 1683 2110 nec
1703 2079 1734 2111 in
1755 2079 1813 2110 ob-

47 2130 199 2163 livionem
218 2131 296 2163 abit.
335 2132 430 2168 Quae
451 2131 572 2163 deinde
592 2138 776 2175 sequuntur
795 2132 895 2164 verba
917 2132 959 2164 ad
986 2132 1178 2164 memoriam
1204 2132 1371 2175 pertinere
1399 2131 1562 2163 neminem
1587 2131 1682 2169 latet;
1712 2142 1814 2174 quare

49 2181 169 2215 eodem
187 2183 280 2223 loco,
307 2183 362 2214 ubi
381 2187 467 2216 vixit
485 2196 547 2215 vox
567 2190 716 2217 truncata
736 2191 803 2224 est,
831 2185 929 2216 statui
949 2184 1111 2216 excidisse
1131 2196 1245 2216 vocem
1264 2196 1377 2226 qnam,
1405 2183 1435 2214 in
1461 2195 1526 2226 qua
1545 2195 1611 2215 non
1630 2194 1719 2227 nego
1741 2194 1814 2215 esse

49 2233 188 2277 aliquam
209 2235 446 2274 offensionem;
465 2247 539 2268 cum
560 2236 645 2268 enim
665 2236 846 2269 communis
866 2236 907 2268 sit
926 2248 1011 2279 quae
1030 2236 1178 2279 sequitur
1197 2237 1372 2276 sententia,
1392 2242 1530 2278 apparet
1547 2235 1641 2267 aliam
1657 2247 1732 2267 esse
1747 2246 1815 2266 me—

48 2285 196 2326 moriam,
212 2298 297 2330 quae
313 2288 344 2319 in
360 2288 552 2330 pronomine
568 2288 704 2320 relativo
721 2288 925 2333 intelligitur,
947 2288 1041 2320 aliam
1057 2300 1138 2328 eam,
1160 2288 1201 2321 de
1217 2300 1282 2332 qua
1297 2295 1392 2320 antea
1404 2287 1584 2331 agebatur;
1603 2287 1657 2319 illa
1672 2287 1816 2319 omnium

48 2337 214 2370 hominum
234 2346 302 2380 est,
329 2340 412 2371 haec
432 2340 525 2372 unius
546 2340 668 2380 Drusi;
694 2353 760 2373 non
789 2347 898 2373 tamen
918 2340 1123 2374 credendum
1143 2347 1192 2373 est
1211 2340 1309 2373 talem
1330 2338 1461 2372 dicendi
1480 2340 1620 2384 figuram
1639 2338 1818 2371 inauditam

1529 2400 1575 2430 1*
