1968 2599
952 158 977 200 7

73 272 258 302 universum
275 269 374 300 semel
389 269 540 299 vincitur.
578 267 672 302 Quae
698 265 739 298 de
765 266 899 298 aliorum
923 267 1110 299 coniectura
1131 267 1160 298 in
1181 266 1256 299 edd.
1281 268 1401 310 scripta
1428 275 1500 300 sunt
1522 272 1655 310 proc-isa
1676 276 1730 302 aut
1744 282 1844 313 prae-

74 324 156 361 visa,
175 321 236 353 hac
255 331 320 352 una
340 318 535 351 difficultate
555 318 718 358 laborant,
746 317 837 360 quod
857 318 1027 361 quomodo
1048 319 1078 350 in
1096 320 1248 360 perculsa
1268 319 1434 362 corrumpi
1454 321 1643 362 potuerint.
1671 334 1735 354 non
1764 324 1844 356 satis

74 378 224 417 apparet.
263 372 421 404 Ceterum
441 371 571 402 Seneca
598 370 669 413 ipse
694 371 725 402 in
755 369 871 402 eadem
896 382 932 402 re
959 370 1040 403 dixit
1059 372 1155 402 mallo
1174 374 1250 402 aule
1265 374 1453 413 prospicere
1473 372 1559 404 Dial.
1582 373 1660 413 XII,
1682 375 1716 413 5,
1738 375 1771 407 3.
1800 375 1842 407 ad

74 424 269 458 sententiam
289 423 330 456 c's.
353 423 448 466 epist.
471 424 530 462 76,
552 423 611 455 34.
637 423 681 455 78
702 427 787 454 extr.
815 442 864 446 —-
891 418 976 455 ibid.
997 425 1020 461 ᾗ
1040 420 1074 457 3.
1104 426 1284 465 expositum
1304 423 1437 467 scripsi,
1465 424 1555 466 quod
1582 431 1716 468 praeter
1741 438 1842 459 unum

72 476 180 509 Palat.
202 478 236 508 4.
256 475 287 507 in
309 475 458 507 omnibus
478 474 578 506 codd.
599 474 734 518 legitur,
750 474 828 505 item
846 473 947 517 paulo
968 481 1045 517 post
1062 486 1208 506 securum
1229 480 1262 507 et
1281 486 1309 507 c.
1334 476 1392 515 18,
1416 477 1446 507 1.
1468 479 1652 509 intraturus
1671 490 1715 509 es.
1744 485 1777 511 et
1795 479 1841 512 ib.

72 528 92 568 ἓ
115 530 147 560 7.
167 530 332 571 spectator
350 529 382 559 et
400 529 491 569 1‘pse,·
510 532 686 570 praeterea
706 538 734 558 c.
754 527 812 566 17,
831 527 863 557 1.
884 526 1008 569 pariter
1025 529 1153 568 gem'lus
1171 539 1204 559 es
1224 527 1380 570 scriptum
1400 527 1500 564 volui,
1521 527 1582 560 sed
1597 528 1755 562 festinans
1771 530 1842 563 vul-

72 586 184 624 gatam
204 580 398 622 scripturam
417 581 529 621 gem'la
548 591 581 611 es
599 578 755 610 intactam
774 578 909 621 reliqui;
939 579 1089 610 omnibus
1114 579 1198 610 enim
1217 579 1298 611 locis
1319 579 1378 610 illis
1399 579 1545 612 editores
1566 581 1721 625 neglecta
1740 582 1840 615 libro-

70 643 143 664 rum
170 643 245 664 mss.
272 630 472 663 auctoritate
499 630 687 662 femininum
714 641 822 674 genus
849 630 1040 674 ponendum
1069 637 1288 669 censuerunt,
1322 631 1443 663 frustra
1475 631 1551 663 ideo
1580 634 1772 676 reprehensi
1798 635 1839 666 ab

70 684 287 727 Heusingero
307 683 338 714 in
357 682 549 714 Emendatt.
571 694 650 726 pag.
673 684 738 714 ‘241
766 694 815 725 sq.
837 682 967 714 accedit
987 682 1078 726 quod
1098 694 1127 714 c.
1151 684 1208 719 18,
1231 685 1251 715 4
1277 687 1420 715 satiatus
1441 690 1651 717 mutaverunt
1677 686 1707 718 in
1735 689 1838 718 salia-

70 739 129 768 tos.
163 735 298 767 Scilicet
316 746 382 766 non
402 740 453 766 est
472 735 687 770 credendum.
707 733 749 765 ad
766 735 922 766 Marciam
941 734 1001 767 illis
1021 735 1102 767 locis
1124 735 1307 767 orationem
1327 742 1498 779 spectare:
1518 748 1579 768 nec
1599 737 1751 780 profecto
1771 744 1838 770 tam

69 787 315 820 inconsiderata
335 786 526 829 eloquentia
544 786 648 818 utitur
667 786 809 823 Seneca,
829 792 864 818 ut
883 798 956 829 cap.
979 788 1012 826 9,
1035 787 1055 819 3
1077 786 1228 818 feminam
1250 799 1390 830 eamque
1410 799 1603 820 semermem
1623 790 1735 822 iubeat
1754 791 1840 822 inter

69 839 136 871 tela
155 839 316 870 vibrantia
336 838 542 870 obsidionem
561 838 688 875 subirez
716 850 778 870 nec
797 850 826 870 c.
851 839 908 877 18,
932 840 949 870 7
980 838 1021 870 (18
1040 838 1161 870 femina
1181 839 1293 870 dicere
1314 840 1421 882 potuit
1441 840 1511 871 illa:
1537 842 1661 873 ridebis
1679 843 1764 873 m'ln‘l
1781 844 1838 874 lm-

68 902 185 923 manae
203 891 364 923 andaciae
381 893 608 933 intemptatum
626 893 753 932 erisque
772 893 804 922 et
821 893 1007 933 spectatrix
1030 894 1061 922 et
1080 894 1152 933 ipsa
1170 903 1252 933 pars
1271 903 1388 933 magna
1407 895 1610 928 conuulsum,
1638 894 1730 936 quasi
1759 906 1837 926 vero

68 943 188 975 femina
207 943 260 974 illa
276 942 360 974 alter
373 941 505 985 quidam
520 944 651 974 Aeneas
667 948 757 974 esset
770 943 972 986 Aeneaeque
992 943 1093 975 verba
1111 944 1236 975 iactare
1252 945 1382 986 posset!
1402 943 1465 975 sid.
1484 945 1576 988 Virg.
1593 947 1675 977 Aen.
1687 946 1732 986 ΙΙ,
1750 947 1770 977 5
1787 958 1836 990 sq.

69 995 141 1027 Sed
161 996 216 1038 qui
235 1000 327 1027 recte
347 995 475 1026 noverit
495 996 676 1035 Senecam.
703 994 799 1026 facile
818 994 983 1038 intelliget
1005 1001 1140 1038 praeter
1159 1007 1217 1027 eos
1238 995 1348 1028 locos.
1377 996 1405 1027 in
1427 996 1545 1038 quibus
1567 997 1608 1029 ad
1627 998 1729 1040 ipsam
1750 999 1837 1030 Mar-

70 1047 141 1079 ciae
159 1058 334 1090 personam
354 1046 537 1078 orationem
558 1046 731 1083 convertit.v
760 1047 841 1078 alios
862 1058 937 1078 esse.
956 1047 986 1078 in
1007 1048 1126 1090 quibus
1146 1059 1238 1079 more
1258 1059 1319 1079 suo
1341 1047 1487 1091 loquitur
1506 1055 1671 1092 tamquam
1692 1050 1837 1092 philoso-

67 1098 151 1142 phus
177 1099 208 1130 in
233 1110 354 1143 magna
378 1098 582 1130 audientium
609 1110 732 1130 corona
759 1099 891 1142 publice
915 1098 1096 1142 disputans.
1135 1100 1248 1142 itaque
1275 1100 1554 1142 quemadmodum
1582 1101 1612 1132 in
1640 1102 1709 1133 aliis
1736 1102 1836 1143 libris,

68 1151 124 1194 qui
142 1151 198 1182 uni
217 1150 314 1182 alicui
333 1151 437 1182 amico
458 1150 605 1194 inscripti
624 1156 718 1191 sunt,
748 1162 850 1194 saepe
878 1151 989 1194 plures
1017 1151 1205 1194 compellat,
1230 1151 1275 1183 ita
1294 1151 1345 1184 hic
1366 1163 1501 1195 quoque
1528 1165 1556 1185 c.
1579 1155 1612 1187 9.
1636 1156 1656 1186 4
1677 1154 1738 1186 ait:
1764 1157 1836 1196 quis

66 1214 206 1245 unquam
226 1204 370 1235 restrum
389 1203 429 1234 (le
447 1204 556 1243 exilio,
576 1203 615 1235 de
634 1206 787 1246 egestate.
807 1203 846 1234 (le
865 1204 952 1235 lncln
971 1207 1116 1245 cogt'lare
1134 1216 1234 1235 ansus
1253 1207 1325 1235 est!
1364 1206 1476 1240 Quare
1503 1204 1574 1236 sore
1594 1217 1705 1248 spero.
1731 1211 1767 1237 ut
1786 1206 1835 1238 lo-

68 1255 114 1286 cis
138 1254 200 1286 illis
226 1266 309 1297 quos
340 1254 422 1291 dixi,
451 1255 741 1298 grammaticorum
767 1254 821 1286 filii
849 1267 978 1287 omnem
1002 1255 1043 1286 dc
1068 1255 1249 1287 masculino
1276 1267 1402 1299 genere
1429 1268 1489 1299 per
1513 1257 1745 1289 soloecismum
1773 1269 1833 1301 pro

66 1305 220 1338 feminino
240 1306 350 1350 posito
371 1306 625 1338 sollicitudinem
645 1307 798 1339 abiciant.
819 1326 868 1330 —
908 1304 992 1340 ibid.
1014 1310 1037 1347 §
1057 1306 1092 1340 4.
1120 1311 1153 1339 se·
1169 1309 1381 1340 admoneatur
1401 1312 1435 1340 nl
1454 1311 1581 1348 eoge'lel.
1601 1313 1764 1351 {umquam
1783 1311 1834 1342 de*-

66 1369 136 1390 rum
160 1370 248 1390 omen
273 1361 428 1400 respuat]
461 1359 667 1390 Gronovium
692 1359 929 1402 proximosque
957 1359 1104 1391 editores
1133 1366 1269 1392 secutus
1302 1361 1418 1403 scripsi
1447 1365 1481 1392 nl
1505 1364 1641 1403 cogllel.
1669 1362 1835 1394 lenissima.

66 1409 209 1442 adhibita
234 1410 436 1449 mutatione3
463 1410 493 1442 in
523 1410 622 1443 codd.
643 1423 720 1443 mss,
749 1411 833 1443 enim
861 1417 894 1443 et
920 1411 1067 1454 plurimis
1097 1418 1130 1444 et
1158 1412 1288 1454 optimis
1310 1418 1360 1444 est
1379 1416 1410 1444 el
1429 1415 1570 1455 cogisti,-
1595 1420 1711 1445 contra
1739 1413 1835 1446 deest

66 1473 129 1494 vox
149 1464 268 1505 coge'lel
285 1462 400 1494 relicta
419 1473 484 1494 non
506 1463 679 1506 eleganter
697 1466 729 1495 et
747 1463 909 1506 particula
928 1464 958 1496 in
980 1463 1111 1496 duobus
1132 1464 1232 1495 codd.
1261 1476 1345 1507 quos
1372 1471 1507 1496 secutus
1535 1471 1585 1496 cst
1604 1466 1644 1497 F.
1666 1466 1833 1510 glossema

67 1525 142 1546 esse
160 1520 251 1546 ratus
272 1525 386 1546 vocem
405 1517 524 1557 cogitet
543 1526 581 1546 ex
603 1514 824 1547 antecedente
845 1516 945 1547 verbo
965 1519 1109 1558 cogitare
1136 1516 1291 1558 ‹lm-tuing
1318 1528 1383 1559 ego
1411 1529 1475 1548 11011
1502 1517 1571 1548 sine
1598 1530 1698 1549 causa
1723 1524 1756 1550 et
1781 1529 1832 1550 re-

67 1566 211 1598 ctissime
229 1565 316 1597 idem
335 1566 469 1598 verbum
490 1567 667 1609 repetitum
687 1579 761 1599 esse
782 1568 950 1606 existimo:
971 1580 1036 1599 non
1058 1568 1141 1600 enim
1162 1569 1211 1600 iis.
1233 1568 1274 1600 de
1296 1569 1414 1611 quibus
1435 1569 1505 1613 agit
1522 1570 1663 1608 Seneca,
1683 1570 1761 1602 satis
1783 1576 1834 1602 est

67 1617 248 1657 admoneri,
269 1617 329 1649 sed
348 1618 438 1661 ipsos
457 1630 596 1650 necesse
616 1625 667 1650 est
687 1620 837 1662 cogitare
856 1620 898 1651 ad
919 1632 1032 1652 omnes
1052 1632 1088 1652 se
1107 1620 1261 1652 fortunae
1280 1621 1364 1652 ictus
1386 1621 1555 1664 expositos
1582 1628 1688 1657 stare,
1715 1634 1756 1654 ne
1784 1622 1832 1654 di-

68 1675 154 1711 cant,
175 1669 267 1713 quod
287 1669 408 1702 deinde
428 1671 595 1713 sequitur:
614 1683 675 1703 non
690 1670 985 1713 putave'fitlmmm.
1012 1692 1061 1696 ——
1097 1669 1182 1705 ibid.
1203 1675 1225 1711 ’,ξ’
1246 1670 1280 1704 5.
1308 1676 1471 1715 &remum
1497 1685 1618 1705 rcrsmn
1644 1677 1676 1706 el
1700 1674 1832 1716 «liguum

67 1724 126 1764 qui
140 1733 201 1754 non
220 1734 237 1754 e
250 1723 370 1764 populo
389 1725 533 1764 εστίν-απ]
571 1723 658 1755 Nihil
684 1722 876 1755 mutandum
896 1725 1008 1767 putavi
1035 1724 1065 1756 h.
1086 1724 1107 1756 l.
1129 1725 1187 1756 nisi
1207 1724 1300 1767 quod
1318 1737 1379 1768 pro
1400 1732 1556 1768 corrupta
1576 1725 1728 1757 codicum
1749 1737 1832 1758 voce

67 1775 149 1805 erret
167 1773 282 1817 scripsi
301 1777 407 1806 exiret
425 1774 486 1806 hac
505 1775 688 1807 sententia:
709 1775 830 1819 dignus
851 1782 940 1808 esset
958 1776 1009 1808 hic
1030 1788 1156 1815 versus,
1178 1777 1232 1819 qui
1249 1788 1312 1808 non
1330 1777 1484 1809 efflueret
1499 1790 1516 1809 e
1533 1778 1645 1820 populi
1660 1778 1831 1810 memoria.

69 1825 187 1858 etenim
208 1826 305 1858 etiam
325 1826 400 1858 alibi
421 1827 551 1859 Seneca
572 1839 769 1870 quamquam
789 1828 904 1860 mimos
924 1829 1013 1872 ipsos
1034 1830 1224 1867 contemnit,
1247 1829 1366 1861 multos
1386 1835 1494 1861 tamen
1515 1830 1544 1861 in
1565 1829 1601 1861 iis
1622 1841 1736 1862 versus
1757 1842 1833 1862 esse

67 1877 191 1910 iudicat
215 1877 446 1911 disertissimos
473 1884 506 1911 et
531 1878 650 1923 dignos
679 1880 734 1922 qui
759 1881 916 1912 memoria
942 1892 1075 1924 semper
1100 1881 1319 1917 retineantur:
1356 1881 1419 1913 vid.
1448 1882 1542 1925 epist.
1570 1882 1611 1921 8,
1639 1883 1672 1914 8.
1703 1883 1742 1919 9,
1772 1883 1830 1914 21.

69 1929 128 1969 94,
151 1930 209 1962 28.
230 1930 289 1962 43.
323 1932 406 1971 108,
428 1932 461 1962 9.
487 1932 543 1962 ll.
583 1931 684 1968 Quod
702 1932 744 1964 F.
765 1932 912 1975 scripsit:
938 1933 1070 1976 dignum
1095 1937 1154 1975 qm'
1171 1946 1187 1965 e
1207 1934 1320 1965 Publio
1346 1936 1481 1965 exserit.
1508 1934 1608 1977 longe
1636 1945 1654 1965 a
1678 1934 1832 1966 codicum

68 1980 230 2024 scriptura
250 1981 388 2014 discedit
408 1989 441 2014 et
460 1983 662 2015 locutionem
681 1983 782 2015 habet
800 1984 1014 2017 vehementer
1035 1984 1292 2021 incommodam:
1318 1991 1441 2028 quanto
1470 1986 1552 2017 enim
1581 1991 1615 2017 et
1641 1986 1771 2017 brevius
1798 1992 1832 2018 et

68 2032 244 2076 simplicius
265 2040 336 2066 erat
354 2035 384 2066 in
404 2034 490 2066 illam
511 2036 706 2067 sententiam
726 2036 890 2068 scribere:
929 2038 1102 2081 egregium
1123 2049 1252 2069 versum
1274 2044 1306 2069 et
1327 2037 1461 2081 dignum
1485 2037 1613 2069 Publio.
1640 2057 1687 2061 -«
1722 2037 1830 2069 Paulo

67 2091 144 2127 post
163 2096 222 2128 pro
239 2087 462 2127 praevidimus
481 2087 597 2130 scripsi
610 2088 831 2130 providimus,
858 2089 948 2131 quod
976 2095 1111 2132 praeter
1136 2089 1285 2121 codicem
1308 2101 1342 2133 g.
1363 2090 1461 2121 habet
1482 2090 1579 2121 etiam
1598 2091 1624 2121 A
1645 2100 1663 2120 a
1683 2089 1831 2122 secunda

68 2147 186 2176 manu;
206 2148 315 2180 neque
336 2139 418 2170 enim
438 2139 610 2182 probabile
630 2146 680 2172 est
699 2139 730 2172 id
752 2140 919 2184 glossema
940 2153 1031 2174 esse.
1059 2153 1124 2184 quo
1146 2141 1219 2173 nihil
1242 2153 1325 2184 opus
1347 2147 1432 2178 erat,
1459 2141 1517 2173 sed
1539 2147 1589 2173 est
1609 2142 1772 2173 correctio
1793 2141 1830 2173 li-

68 2187 165 2219 brarii
191 2188 306 2221 librum
331 2190 544 2235 archetypum
573 2191 682 2224 denuo
711 2192 923 2225 conferentis.
949 2213 1000 2218 —
1034 2190 1147 2228 CAP.
1170 2189 1217 2229 X,
1237 2192 1273 2225 4.
1302 2193 1462 2225 Fortasse
1487 2193 1727 2225 restituendum
1748 2199 1831 2234 erat,

69 2239 160 2282 quod
178 2239 278 2274 habet
297 2241 404 2274 codex
425 2243 566 2287 optimus
593 2255 667 2276 cum
692 2244 761 2276 aliis
782 2247 916 2276 nescitis
939 2248 971 2277 in
989 2245 1078 2288 suga
1100 2249 1214 2278 rivere.
1239 2265 1289 2269 —
1326 2242 1440 2279 (Al).
1463 2242 1536 2285 XI,
1562 2244 1591 2277 1.
1622 2246 1762 2289 Scripsit
1789 2246 1831 2278 F.

69 2294 101 2323 in
120 2292 242 2324 dolores
260 2294 433 2326 humanum
447 2299 563 2337 pectus
583 2296 838 2338 dispensandum
849 2310 861 2335 ,·
893 2297 978 2329 idem
1000 2298 1158 2330 coniecit:
1187 2301 1220 2329 iu
1246 2297 1369 2329 dolores
1391 2298 1526 2329 lemnam*
1536 2301 1681 2340 pec-laras
1700 2298 1830 2340 dispen-

68 2343 209 2384 sandae,
234 2345 324 2387 quod
344 2358 409 2391 ego
430 2348 569 2390 praetuli
591 2349 666 2390 quia
680 2349 822 2392 ‘propius
843 2349 972 2382 accedit
991 2349 1032 2381 ad
1049 2350 1243 2393 scripturam
1265 2349 1389 2382 codicis
1411 2352 1455 2381 A:
1483 2350 1745 2391 hanmm'pectus
1764 2350 1830 2382 dis-
