1968 2599
943 169 968 211 5

69 285 156 312 tanta
176 280 259 312 enim
280 286 328 311 est
344 279 634 311 Ciceronianorum
656 278 878 321 exemplorum
899 278 1086 314 similitudo,
1108 279 1156 309 »ix
1177 283 1211 310 ut
1231 278 1358 310 dubites
1379 291 1417 310 ea
1434 280 1580 311 Senecae
1600 279 1628 312 b.
1645 280 1664 312 Ι.
1685 281 1714 311 in
1732 288 1837 315 mente

68 331 183 371 fuissc;
207 331 267 363 vid.
289 331 424 362 maxime
443 332 560 363 Accus.
577 331 605 362 in
625 331 714 362 Verr.
733 330 777 369 ΙΙ,
801 331 858 368 17,
879 331 938 361 43.
969 332 1070 368 Quae.
1091 331 1218 365 malum,
1239 330 1391 370 t'slaflce'l
1410 334 1575 363 amenlsa!
1602 332 1643 363 ib.
1659 332 1684 367 I,
1702 334 1760 369 ⁶20,
1777 335 1835 366 54.

67 385 175 422 Quae,
195 384 330 423 malum,
349 385 398 414 cst
416 385 480 414 {sla
501 385 594 414 faula
616 383 758 413 andacia
778 385 874 424 alque
896 384 1063 414 omousia!
1104 381 1143 414 cf.
1165 382 1246 414 Phil
1269 383 1293 419 1,
1316 384 1347 419 (3,
1372 383 1428 414 15.
1465 383 1507 419 X,
1530 386 1561 419 Sl,
1586 384 1640 416 18.
1669 382 1767 417 Osfic.
1788 385 1833 424 ΙΙ,

70 437 127 475 15,
148 435 205 467 53.
244 434 336 466 Adde
355 434 425 466 Liv,
447 435 484 471 V,
506 435 565 469 54.
586 436 618 466 (5.
648 434 731 466 Gell.
752 434 828 473 XII,
851 435 881 473 l,
905 434 960 465 17.
982 434 1074 471 XIII,
1099 435 1155 474 12,
1176 435 1207 466 S.
1237 434 1307 473 XV,
1329 435 1387 475 31,
1408 436 1439 466 4.
1474 435 1604 477 vopisc.
1625 436 1730 468 Tacit.
1752 449 1779 469 c.
1801 438 1834 469 5.

68 498 152 530 quae
172 487 278 518 omnia
298 486 416 517 liabent
436 486 570 518 eandem
591 486 752 529 speciem,
780 486 809 516 in
837 496 900 528 qua
926 485 985 516 soli
1014 486 1130 517 comici
1157 497 1219 517 non
1248 487 1463 519 continentur.
1491 505 1540 510 —-
1566 483 1649 519 ibid.
1678 491 1726 519 est
1751 491 1834 520 em'm

66 539 225 581 quaedam
243 541 274 570 et
292 537 423 569 dolendi
441 538 607 569 modestia.
645 539 733 570 illum
753 540 857 579 ipsum
877 539 1034 571 iuvenem,
1061 538 1285 579 dignissimum
1313 540 1384 580 [qui
1404 541 1446 579 le]
1474 541 1614 581 qm'elam
1639 551 1762 582 semper
1781 552 1833 572 710-

66 594 208 623 ‘me'tmlus
227 589 585 633 cogilalnsquesociat,
605 591 732 621 meliore
746 601 849 631 pones
868 590 943 627 loco,
962 592 993 620 sa·
1010 591 1072 630 —-]
1092 590 1297 633 Magnopere
1317 590 1368 622 hic.
1388 590 1479 622 locus
1499 591 1584 622 viros
1604 591 1720 623 doctos
1741 604 1833 624 exer-

67 643 134 675 cuit
153 653 259 685 neque
278 648 383 673 tamen
405 642 575 685 quisquam
597 653 670 673 eum
690 642 736 673 sic
756 647 812 673 aut
832 641 1014 673 emendavit
1042 647 1098 672 aut
1124 641 1352 684 interpretatus
1378 647 1443 674 est.
1471 649 1505 674 ut
1532 654 1594 674 non
1622 644 1832 686 gravissimae

68 694 262 726 offensiones
291 700 510 737 superessent.
552 696 599 725 Ac.
624 694 762 737 primum
790 694 920 736 quidem
947 693 1024 724 illud
1051 699 1201 725 constare
1228 694 1325 726 debet
1359 695 1468 737 primis
1496 695 1600 726 verbis
1627 707 1831 728 communem

66 746 223 778 contineri
244 746 445 781 sententiam,
465 746 494 777 in
516 757 612 788 quam
632 757 694 777 uon
715 752 824 788 potest
843 745 962 777 intrudi
982 757 1122 788 sequens
1142 747 1346 778 accusatisus
1366 753 1528 789 tamquam
1549 759 1565 778 a
1582 746 1712 778 dolendi
1734 749 1831 780 verbo

65 797 226 841 pendens;
252 809 291 828 ne
312 797 383 840 quis
404 798 485 829 enim
506 809 578 829 cum
599 797 756 829 Fickcrto
777 798 958 840 paucisque
978 796 1045 828 aliis
1066 797 1245 829 editoribus
1266 797 1378 833 saciat,
1406 799 1481 830 satis
1508 798 1652 830 declarat
1671 799 1740 842 ipsa
1760 812 1830 832 sen-

64 850 184 881 tentiae
204 848 318 887 forma,
339 861 403 892 qua
423 860 623 892 magnopere
645 850 770 881 Seneca
793 849 972 881 delectatus
993 855 1057 888 est;
1086 849 1148 881 vid.
1170 850 1262 892 epist.
1286 851 1343 887 99,
1366 851 1422 882 ⁴21.
1449 853 1497 882 est
1517 852 1636 892 ale'qm's
1655 854 1687 882 et
1704 852 1834 883 dolendi

65 901 168 933 decor.
197 901 238 932 ib.
265 903 283 941 ᾗ
305 902 337 932 ⁶2.
366 901 495 932 discant
519 902 674 943 quasdam
702 904 801 933 eliam
826 902 1034 932 lacrimarum
1059 903 1202 943 inepz‘e'os
1228 914 1306 933 esse.
1336 902 1427 944 epist.
1449 903 1507 940 4523,
1532 904 1563 934 ⁶2.
1592 906 1639 934 est
1664 904 1774 945 aliqua
1800 907 1831 935 el

65 953 184 984 doloris
211 954 352 984 ambstso.
389 953 474 984 Dial.
496 953 555 990 XI,
579 954 634 991 15,
657 954 688 985 5.
715 953 875 985 iudicarit
901 966 961 985 uon
983 953 1150 984 militanda·
1166 956 1291 985 sanfam
1311 954 1519 996 (le'sctple'tmm
1538 966 1606 986 esse
1628 956 1830 992 servandam,

64 1005 122 1037 sed
146 1007 244 1037 eliam
268 1003 406 1036 dolendi.
445 1005 537 1048 epist.
559 1006 618 1043 232,
642 1006 696 1036 122.
724 1008 773 1036 est
799 1006 909 1047 aliqva
937 1009 967 1036 el
993 1005 1156 1036 laudandi
1177 1006 1321 1037 licentia.
1360 1006 1470 1041 Quare
1496 1007 1715 1038 accusatixum
1741 1008 1830 1039 illam

65 1060 170 1099 ipsum
185 1059 326 1088 iuvenem
345 1068 479 1088 necesse
499 1063 547 1088 est
567 1056 803 1100 coniungamus
825 1069 898 1088 cum
918 1057 992 1088 illis:
1013 1058 1140 1088 meliore
1154 1068 1256 1098 pones
1276 1059 1363 1095 (σαι,-
1382 1069 1453 1089 nam
1475 1058 1634 1089 Gronovii
1654 1059 1736 1090 ratio
1752 1070 1828 1102 pro-

64 1109 138 1140 bata
158 1120 175 1140 a
195 1109 406 1151 sequentibus
426 1108 604 1140 editoribus
624 1108 771 1151 pluribus
791 1109 973 1140 nominibus
995 1108 1261 1152 reprehendenda
1283 1118 1348 1147 est;
1374 1111 1501 1152 scripsit
1521 1111 1603 1141 enim
1624 1110 1686 1141 sic:
1706 1111 1829 1153 (lignis-

64 1163 142 1192 sime
160 1162 302 1203 quletum
320 1172 445 1203 semper
463 1163 632 1192 nominans
651 1159 995 1203 cogz'lansquesacae‘eS,
1015 1165 1046 1192 el
1066 1161 1192 1192 meliore
1208 1173 1308 1203 pones
1326 1162 1390 1193 luco
1403 1175 1414 1197 ,·
1442 1162 1470 1193 in
1501 1174 1564 1204 qua
1584 1163 1744 1205 scriptura
1765 1174 1828 1194 non

65 1212 169 1244 minus
195 1212 366 1255 quinquies
399 1212 545 1244 discessit
571 1224 588 1243 a
617 1218 761 1244 veterum
789 1212 945 1244 librorum
980 1212 1059 1247 fide:
1098 1213 1275 1245 orationem
1310 1220 1417 1245 autem
1447 1214 1555 1245 effecit
1588 1219 1771 1246 contortam
1798 1220 1830 1246 et

66 1264 190 1296 Seneca
211 1275 325 1307 parum
347 1264 496 1307 dignam,
524 1263 624 1296 voluit
644 1265 726 1296 enim
748 1265 844 1296 verba
864 1264 932 1296 illa:
959 1265 1148 1307 dignissime
1173 1269 1312 1307 quietum
1333 1266 1379 1296 bis
1399 1265 1551 1309 intelligi,
1578 1266 1620 1297 ita
1645 1272 1681 1298 ut
1706 1266 1828 1298 iuvenis

65 1321 98 1347 et
123 1327 182 1358 per
206 1327 241 1347 se
267 1315 337 1347 talis
362 1316 401 1347 sit
426 1322 458 1347 et
482 1315 552 1347 talis
578 1317 653 1347 item
674 1329 691 1347 a
712 1322 815 1348 matre
841 1317 1025 1348 nominetur
1044 1323 1076 1348 et
1095 1318 1274 1359 cogitetur;
1301 1318 1489 1349 sententiam
1516 1318 1656 1360 denique
1682 1318 1829 1350 Senecae

64 1367 176 1399 tribuit
195 1367 234 1398 ab
255 1367 316 1398 hoc
337 1367 411 1399 loco
431 1367 583 1406 alienam;
608 1379 669 1399 non
692 1368 774 1399 enim
795 1368 857 1400 hoc
878 1369 998 1411 agitur,
1025 1369 1191 1411 quomodo
1212 1371 1316 1412 possit
1336 1375 1465 1401 mortuo
1488 1370 1628 1401 Marciae
1650 1369 1715 1401 tilio
1736 1370 1828 1413 quies

65 1418 251 1462 dignissime
270 1420 387 1462 parari,
406 1419 463 1451 sed
483 1420 552 1462 ipsa
573 1420 693 1451 Marcia
715 1420 882 1462 quomodo
903 1420 943 1452 ad
964 1421 1105 1463 quietem
1127 1427 1158 1452 et
1178 1421 1308 1453 dolendi
1335 1421 1525 1453 modestiam
1546 1422 1721 1464 perveniat.
1760 1422 1827 1453 Iam

65 1482 142 1502 vero
163 1482 236 1503 cum
257 1471 332 1502 satis
352 1471 566 1515 intelligatur,
594 1472 624 1502 in
646 1471 875 1512 verbosae-inl
893 1473 1040 1504 iuvenem
1061 1473 1242 1505 subiectum
1264 1485 1350 1508 esse,
1375 1473 1534 1516 siquidem
1563 1474 1703 1516 optimos
1727 1474 1827 1505 libros

65 1523 169 1554 secuti
194 1523 362 1554 scribimus
381 1525 522 1567 ‹Jm'elqm
540 1535 665 1565 semper
683 1527 866 1556 nominatus
885 1527 1125 1567 cogz'lalnsqne,
1146 1536 1287 1568 cumque
1306 1526 1367 1556 iam
1387 1531 1480 1557 antea
1501 1525 1755 1557 demonstratum
1776 1526 1826 1566 sit,

65 1574 285 1606 accusativum
306 1576 447 1605 favonem
467 1586 540 1606 cum
563 1576 660 1606 verbo
677 1587 777 1617 pones
797 1576 1052 1608 construendum
1083 1589 1164 1611 esse,
1190 1576 1331 1609 efficitur
1359 1578 1462 1609 verbis
1488 1577 1546 1608 illis
1572 1578 1728 1609 contineri
1754 1589 1825 1609 sen-

64 1626 194 1658 tentiam
215 1626 440 1657 secundariam
460 1627 631 1669 primariae
650 1627 884 1671 interpositam,
911 1639 1008 1671 quam
1029 1640 1093 1672 ego
1114 1629 1159 1660 sic
1182 1629 1323 1669 restitui,
1350 1635 1385 1661 ut
1410 1641 1470 1672 pro
1499 1641 1538 1660 eo
1566 1628 1653 1672 quod
1684 1629 1713 1660 in
1739 1629 1826 1660 libris

65 1683 114 1709 est
131 1678 321 1721 dignissime
339 1681 490 1720 quietam,
509 1679 683 1711 scriberem
704 1679 928 1722 degni-ssimum
947 1683 1005 1722 (μή
1021 1684 1052 1712 ie
1071 1683 1211 1722 quietam
1221 1694 1234 1719 ‚·
1259 1681 1368 1724 itaque
1388 1681 1468 1720 cavi,
1495 1693 1533 1713 ne
1552 1681 1623 1724 plus
1644 1692 1739 1723 quam
1762 1692 1825 1712 uno

65 1728 139 1761 loco
160 1741 177 1761 a
197 1729 348 1761 codicum
368 1731 528 1773 scriptura
550 1730 751 1771 recedamus,
779 1743 839 1764 neo
854 1738 964 1775 potest
982 1733 1117 1764 mutatio
1138 1733 1222 1765 iusto
1243 1733 1401 1765 audacior
1428 1733 1541 1771 videri;
1568 1722 1716 1764 sacillim‘e
1743 1733 1825 1764 enim

64 1783 123 1823 qui
138 1784 169 1813 le
188 1792 285 1813 voces
305 1788 378 1813 ante
398 1782 534 1824 syllabas
553 1783 725 1815 simillimas
746 1783 898 1815 excidere
916 1789 1105 1828 potuerunt,
1125 1785 1314 1828 praesertim
1335 1785 1360 1816 si
1380 1785 1573 1817 antecedens
1595 1796 1654 1816 vox
1670 1785 1825 1827 dignissi-

65 1844 147 1864 mum
166 1844 228 1864 non
248 1832 342 1876 plene
361 1834 481 1877 scripta
500 1833 578 1874 suit,
606 1835 662 1867 sed
690 1835 737 1867 vel
766 1836 949 1878 dignissiffi.
976 1836 1024 1868 vel
1052 1837 1187 1879 (Iigne‘ss.
1207 1837 1278 1880 pari
1306 1836 1405 1868 modo
1434 1843 1539 1868 ortum
1567 1836 1708 1876 videtur,
1735 1836 1825 1879 quod

65 1883 147 1916 infra
166 1896 192 1916 e.
214 1886 272 1924 29,
293 1885 313 1917 3
334 1885 455 1929 legitur
473 1887 502 1917 in
523 1887 560 1918 A.
583 1886 656 1918 cod.
678 1893 710 1918 et
729 1887 796 1918 aliis
815 1888 980 1931 plerisque
994 1891 1145 1930 proxime
1164 1900 1224 1932 pro
1245 1900 1284 1920 eo
1305 1888 1394 1932 quod
1416 1900 1526 1920 verum
1547 1894 1605 1928 est,
1620 1890 1826 1930 proximum,-

66 1947 164 1979 saepe
183 1942 289 1968 autem
311 1949 408 1969 voces
433 1939 462 1969 in
490 1937 552 1969 hoc
573 1939 708 1970 maxime
734 1939 815 1970 libro
843 1945 1006 1972 truncatas
1033 1940 1154 1973 habere
1178 1940 1325 1973 codicem
1353 1941 1493 1972 omnium
1518 1940 1825 1983 praestantissimum

67 1989 102 2019 A.
124 1987 187 2019 dixi
206 1988 236 2019 in
258 1989 318 2020 vol.
337 1989 363 2021 I.
383 1988 518 2032 praefat.
540 2001 614 2034 pag.
636 1991 705 2022 VII.
727 2002 812 2034 quae
831 2002 882 2023 res
902 1991 1030 2024 videtur
1056 2004 1118 2024 non
1142 2005 1212 2024 esse
1238 1992 1333 2024 huius
1360 1992 1417 2024 sed
1444 1992 1523 2023 alius
1549 1991 1671 2023 codicis
1699 1992 1825 2023 scribae

67 2039 256 2080 tribuenda,
281 2051 299 2071 e
326 2052 391 2084 quo
412 2041 662 2074 Mediolanensis
689 2042 852 2075 derivatus
880 2049 938 2076 est.
976 2044 1131 2076 Ceterum
1158 2044 1198 2076 ad
1224 2044 1412 2076 firmandam
1438 2042 1693 2076 emendationem
1721 2054 1824 2075 meam

65 2090 130 2123 hoc
149 2102 283 2134 quoque
302 2092 428 2133 addam,
447 2093 553 2125 solere
573 2094 744 2135 Senecam,
764 2095 819 2126 ubi
839 2094 880 2127 de
899 2095 1081 2128 hominibus
1106 2097 1245 2128 rebusve
1269 2097 1422 2128 iudicium
1450 2094 1541 2131 facit,
1567 2095 1754 2138 saepissime
1777 2095 1824 2127 uti

1335 2149 1351 2165 t?

66 2141 127 2174 hac
146 2141 301 2174 formula:
326 2144 443 2187 dignus
469 2148 528 2188 qui
543 2165 592 2169 —-
618 2151 674 2177 aut
692 2147 811 2189 (lignus
837 2148 946 2189 aliqua
966 2160 1023 2186 re,·
1048 2147 1110 2180 vid.
1130 2147 1210 2180 infra
1231 2160 1257 2180 c.
1279 2149 1311 2182 9.
1333 2161 1364 2179 ι).
1399 2148 1453 2186 13,
1475 2149 1505 2178 2.
1535 2146 1617 2178 Dial.
1635 2146 1691 2187 IV,
1712 2147 1770 2186 23,
1791 2147 1824 2179 3.
1849 2143 1858 2149 ”

69 2194 128 2234 33,
147 2195 179 2226 6.
207 2195 245 2235 V,
265 2196 321 2235 14,
341 2197 373 2228 4.
404 2198 460 2236 18,
482 2199 515 2229 ⁵2.
545 2197 586 2229 de
605 2197 721 2230 benefl'.
742 2199 797 2238 lv,
818 2199 876 2239 37,
896 2200 930 2231 4.
958 2200 1020 2240 ΙΙΙ,
1042 2201 1100 2239 37,
1121 2202 1151 2231 2.
1182 2200 1236 2239 VI,
1256 2201 1314 2239 31,
1338 2201 1392 2231 12.
1438 2199 1526 2231 Tota
1553 2198 1693 2241 denique
1718 2198 1822 2230 oratio

67 2256 163 2288 quam
182 2257 267 2279 nunc
286 2247 457 2280 commoda
483 2250 540 2289 sit,
567 2261 731 2293 quamque
750 2256 825 2294 apta
844 2252 1013 2290 sententia,
1039 2251 1114 2283 nolo
1135 2252 1239 2283 verbis
1258 2252 1404 2294 pluribus
1424 2262 1584 2282 enarrare.
1619 2250 1700 2282 Illud
1723 2261 1822 2282 unum

67 2296 206 2330 fortasse
225 2299 384 2339 vitiosum,
405 2300 493 2343 quod
513 2301 543 2333 in
563 2302 626 2333 fine
645 2305 787 2334 occurrit
804 2302 935 2346 legitur,
954 2303 1008 2335 ubi
1028 2303 1133 2335 malim
1153 2306 1309 2336 occurret.
1323 2323 1373 2327 —
1392 2299 1507 2337 CAP.
1525 2299 1590 2344 lV,
1611 2299 1645 2334 ⁶2.
1666 2303 1823 2343 consol[a-

68 2351 134 2381 tori
148 2352 194 2391 se]
214 2351 301 2382 Areo
313 2352 488 2394 praebuil]
515 2353 551 2385 In
573 2354 695 2397 optimo
716 2354 790 2386 cod.
811 2356 846 2386 A.
867 2355 1022 2398 scriptum
1041 2362 1090 2387 est
1109 2355 1222 2388 vitiose
1243 2356 1440 2396 consolareo,
1467 2354 1554 2387 unde
1580 2354 1656 2385 varii
1683 2354 1744 2386 orti
1772 2364 1823 2386 re-
