1968 2599
1010 135 1058 177 14

152 253 227 292 posi
244 260 338 291 quam
359 259 417 291 pro
437 259 529 288 quae.
548 244 844 277 manifestissimum
864 248 915 274 est
933 243 1090 286 scriptum
1124 249 1281 286 oportere
1304 247 1489 286 quisquam,
1515 245 1583 275 sive
1609 244 1641 275 id
1662 244 1692 276 in
1712 244 1787 276 cod.
1807 247 1847 277 A.
1868 251 1919 278 est

156 302 224 334 sive
248 312 313 333 non
339 305 400 331 est.
430 318 478 322 —
514 294 597 330 ibid.
625 300 647 335 ,ξ
674 294 708 328 3.
739 296 840 327 Video
860 297 935 326 istic
955 298 1077 335 cruces}
1106 295 1147 326 F.
1169 307 1208 325 ex
1230 294 1306 327 cod.
1327 297 1365 328 A.
1386 296 1498 338 posuit
1517 295 1663 327 adverbii
1683 296 1821 329 sormam
1847 301 1918 334 aisti,

157 365 253 396 quam
272 364 338 395 ego
358 357 395 383 ut
414 352 563 383 Senecae
583 349 733 381 tribuam.
755 347 895 378 animum
915 347 1074 379 inducere
1094 358 1158 378 non
1179 358 1332 389 possum;
1360 353 1461 390 atque
1488 348 1551 380 hoc
1572 347 1706 390 quidem
1725 348 1800 381 loco
1821 361 1917 392 aper-

156 411 225 437 tum
245 409 296 436 est
313 416 330 436 c
349 403 487 435 litteram
507 400 667 433 excidisse
687 405 867 442 propterea
892 399 983 441 quod
1010 399 1127 431 eadem
1155 399 1317 441 sequitur.
1355 400 1538 432 Praeterea
1564 405 1721 442 quantum
1749 412 1814 444 ego
1841 412 1917 444 rep—

156 456 237 500 peri,
256 456 319 487 loci
339 455 406 486 duo
426 460 512 491 sunt,
533 464 673 496 quorum
692 451 796 482 altero
817 451 857 482 F.
879 452 1009 494 scripsit
1028 453 1080 483 illi
1096 462 1155 494 pro
1177 452 1244 482 illic
1262 451 1344 483 infra
1364 463 1393 483 c.
1416 453 1475 484 ⁶25.
1496 455 1529 486 2.
1550 452 1606 483 ubi
1626 463 1741 495 parum
1758 452 1917 486 credibile

156 513 209 540 est
226 508 387 539 Senecam
407 506 448 538 ad
468 504 630 537 vitandum
651 504 788 534 hiatum.
814 502 847 534 id
867 503 959 546 quod
978 503 1018 535 F.
1041 503 1197 535 credidit.
1222 503 1323 535 semel
1344 505 1412 535 illi.
1436 504 1537 535 semel
1566 505 1634 536 illic
1653 504 1683 536 in
1705 504 1823 536 eadem
1841 517 1916 537 sen-

155 559 257 592 tentia
282 558 463 602 scripsisse.
491 564 522 589 et
549 562 640 587 recte
660 555 787 586 videtur
805 555 835 586 in
857 556 927 598 ipso
948 557 973 587 Α
995 554 1070 587 cod.
1091 555 1240 587 secunda
1260 567 1374 587 manus
1400 557 1452 587 illi
1474 556 1503 587 in
1524 557 1592 588 illic
1611 562 1776 593 mutasse:
1812 556 1917 589 altero

154 611 248 645 loco.
281 611 335 653 qui
360 616 411 642 est
435 610 527 652 epist.
550 609 616 640 32’.
639 610 671 638 2.
700 607 1037 650 Sclnveigliaeuserus
1059 607 1210 638 ediderat
1237 609 1302 642 illi.
1336 607 1427 649 quod
1454 608 1525 650 ipse
1551 608 1591 639 F.
1618 614 1711 640 recte
1740 608 1916 649 damnavit,

156 674 354 706 quamquam
372 662 405 694 id
425 661 511 704 quod
533 671 572 691 ex
589 660 718 702 optimis
738 659 826 690 libris
846 660 888 690 ibi
909 660 1059 702 reposuit
1075 661 1138 693 illo.
1159 671 1268 701 noque
1285 665 1376 691 recte
1393 659 1522 691 videtu·-
1536 659 1738 692 intellexisse.
1753 666 1788 692 et
1806 672 1918 693 exem-

155 714 210 758 plo
230 720 322 746 certe
341 714 423 746 falso
445 711 602 744 defendit.
642 712 754 747 Quare.
775 723 860 754 quae
881 718 1011 743 exstant
1031 711 1261 743 adverbiorum
1283 714 1342 743 isle·
1360 718 1392 743 et
1412 713 1464 743 illi
1481 712 1636 755 vestigia.
1664 724 1728 744 non
1748 713 1841 756 plura
1860 719 1918 745 aut

155 767 297 799 certiora
315 772 390 798 sunt
409 776 505 807 quam
524 764 554 794 in
575 764 690 805 quovis
710 764 873 805 scriptore
893 764 978 795 inter
998 764 1158 795 bonorum
1180 763 1332 795 codicum
1353 764 1427 795 vitia
1447 763 1606 807 indages;
1627 776 1688 796 nec
1708 777 1747 796 ea
1763 765 1916 808 profecto

155 818 340 853 sufficiunt.
370 824 402 849 ut
427 817 462 848 iis
484 816 594 847 formis
622 827 715 848 usum
742 827 814 847 esse
836 818 998 847 Senecam
1019 822 1183 858 putemus.
1212 835 1261 840 -—
1301 816 1405 848 Paulo
1427 822 1503 858 post
1518 816 1694 857 legebatur
1714 817 1832 860 vulgo:
1860 817 1919 849 sed

154 871 246 902 video
264 874 295 902 et
313 873 439 901 martem
460 868 643 911 aptissime;
664 868 704 899 F.
725 868 783 899 sed
801 868 993 911 particulam
1014 867 1147 902 delevit.
1168 880 1253 910 quae
1274 869 1302 899 in
1325 879 1390 899 uno
1407 874 1532 899 tantum
1550 867 1625 900 cod.
1642 868 1714 900 Pal.
1733 869 1766 900 3.
1785 874 1916 911 reperta

156 928 224 961 est;
249 927 439 954 nontamen
460 919 682 964 spernendum
704 926 774 951 erat
793 919 883 963 quod
911 920 942 951 in
962 922 988 951 A
1009 926 1041 952 et
1061 920 1128 951 aliis
1150 918 1250 951 codd.
1279 924 1310 951 el
1337 920 1460 963 legitur
1486 931 1545 962 pro
1571 921 1646 957 sed,
1672 920 1762 952 unde
1787 931 1853 964 ego
1882 924 1919 953 ut

154 973 230 1014 feci,
249 972 339 1016 quod
358 972 577 1005 antecedente
593 985 613 1003 α
628 972 734 1004 littera
755 971 851 1003 facile
872 972 988 1004 mutari
1008 972 1126 1015 potuit.
1143 990 1193 996 -—-
1212 971 1346 1003 Deinde
1365 972 1493 1004 restitui
1513 972 1603 1015 quod
1624 972 1725 1016 vulgo
1741 972 1918 1016 legebatur

156 1031 232 1058 ante
249 1026 290 1057 F.
310 1026 451 1061 domim·‚·
480 1036 552 1056 nam
580 1024 670 1067 quod
697 1024 727 1055 in
756 1023 855 1055 codd.
878 1024 1031 1055 scribitur
1049 1025 1220 1056 (lominum.
1247 1025 1315 1056 sive
1336 1030 1444 1055 ortum
1463 1024 1542 1055 illud
1562 1036 1601 1056 ex
1621 1024 1718 1056 huius
1739 1025 1827 1056 vocis
1847 1025 1917 1056 vul-

154 1078 227 1121 gari
246 1076 439 1120 compendio
460 1077 528 1108 sire
549 1088 662 1108 errore
681 1077 728 1107 sic
749 1077 956 1108 terminatum
977 1083 1113 1119 propter
1134 1076 1275 1108 eundem
1296 1077 1417 1108 exitum
1438 1077 1608 1118 sequentis
1630 1077 1737 1111 vocis.
1765 1076 1916 1108 vitiosum

154 1135 246 1162 certe
272 1135 339 1161 est:
366 1141 426 1172 pro
450 1129 638 1161 accusativo
668 1128 779 1159 baberi
806 1129 856 1160 lex
877 1129 1090 1170 grammatica
1116 1140 1181 1160 non
1203 1129 1341 1171 patitur:
1369 1139 1428 1170 pro
1453 1128 1600 1172 genitivo
1629 1134 1738 1160 autem
1764 1129 1917 1171 accipere

155 1192 225 1213 eam
245 1180 382 1213 formam
409 1181 511 1213 multo
539 1181 634 1212 etiam
661 1181 765 1212 minus
791 1181 951 1215 sustineo,
978 1192 1175 1223 ‹piamquam
1202 1180 1234 1211 id
1261 1181 1329 1212 lit-ri
1358 1181 1526 1212 iusserunt
1553 1182 1720 1213 Gruterus
1747 1186 1779 1212 et
1806 1180 1846 1212 F.
1870 1200 1917 1204 —-

152 1229 237 1266 ibid.
258 1235 281 1272 ἓ
300 1231 335 1265 4.
363 1245 445 1275 qnae
471 1232 615 1271 infelicis
642 1234 798 1274 reliquias
822 1236 913 1272 sunl]
952 1233 1006 1264 Sic
1026 1233 1141 1275 scripsi
1168 1244 1240 1264 rum
1269 1232 1344 1264 cod.
1375 1235 1411 1263 A.
1441 1238 1473 1264 et
1499 1232 1568 1263 aliis
1594 1232 1761 1275 plerisque
1787 1232 1917 1264 sublata

154 1285 436 1328 interpunctione.
463 1297 548 1327 quae
574 1291 650 1327 post
676 1296 789 1316 nocem
815 1297 929 1316 caesas
955 1285 1031 1327 poni
1059 1285 1159 1328 vulgo
1187 1285 1335 1322 solebat.
1364 1296 1438 1316 cum
1462 1284 1635 1327 legeretur
1653 1295 1747 1326 quam
1767 1283 1917 1324 itqselr'ces

153 1338 309 1379 reliquiae
327 1341 421 1372 sunl:
448 1338 488 1369 ab
514 1337 562 1368 his
583 1338 665 1368 enim
687 1343 754 1368 tum
775 1337 910 1368 xocibus
930 1336 1077 1379 pendere
1098 1337 1252 1368 volebant
1272 1342 1465 1379 sequentem
1487 1336 1677 1368 infinitivum
1703 1335 1916 1378 superfuisse,

154 1400 250 1431 quem
277 1400 342 1432 ego
370 1401 444 1421 cum
469 1389 689 1421 antecedente
717 1389 817 1419 verbo
845 1390 926 1420 ridi!
952 1389 1130 1431 coniunge.
1168 1388 1417 1420 Incommodum
1445 1394 1555 1419 autem
1582 1389 1611 1419 in
1633 1388 1685 1419 illa
1704 1388 1833 1420 ratione
1852 1388 1917 1420 hoc

154 1453 287 1483 quoque
314 1447 380 1476 est,
411 1441 501 1484 quod
527 1453 590 1472 nou
618 1447 694 1483 apte
714 1441 864 1483 Pompeii
891 1443 1109 1483 sena-aequo
1135 1452 1251 1472 sensus
1279 1441 1455 1475 miscetur:
1483 1445 1575 1471 certe
1602 1446 1731 1483 tempus
1759 1450 1916 1482 praesens

153 1493 232 1525 illud
251 1497 325 1524 sunl
345 1494 393 1525 vix
413 1493 510 1525 feras.
551 1494 590 1524 F.
612 1493 743 1535 quidem
765 1492 894 1525 xidetur
913 1494 942 1524 in
964 1493 1096 1535 reliquis
1125 1493 1264 1524 eandem
1294 1493 1452 1524 rationem
1474 1492 1631 1524 tenuisse.
1664 1492 1725 1524 sed
1743 1504 1840 1534 quam
1857 1503 1915 1523 vo-

155 1545 214 1577 luit
231 1545 261 1576 in
281 1558 362 1587 quoe
381 1546 509 1577 mutari.
532 1557 596 1587 quo
618 1545 784 1587 aliquanto
806 1546 902 1576 etiam
924 1544 1071 1576 deterior
1091 1546 1196 1576 oratio
1218 1544 1329 1576 sutura
1351 1551 1432 1576 erat.
1469 1544 1544 1575 Mihi
1565 1543 1718 1576 ridentur
1739 1544 1837 1576 verba
1851 1543 1915 1582 illa,

155 1608 240 1639 quae
259 1603 335 1629 sunt
354 1598 384 1629 in
405 1597 504 1629 codd.
526 1609 614 1629 mss..
636 1604 743 1640 aptam
764 1604 863 1639 atque
883 1597 978 1628 etiam
1000 1604 1131 1629 acutam
1150 1597 1345 1628 sententiam
1367 1597 1501 1634 babere,
1522 1607 1620 1638 quam
1641 1598 1771 1628 Seneca
1791 1595 1834 1628 de
1853 1607 1915 1627 suo

155 1649 347 1692 interponit:
374 1649 438 1680 hoc
458 1650 541 1681 enim
562 1649 656 1683 dicit.
684 1661 747 1680 non
769 1649 896 1681 felicem
917 1661 992 1681 esse
1013 1649 1148 1681 ducem.
1175 1650 1230 1692 qui
1250 1649 1368 1681 amisso
1390 1648 1536 1680 exercitu
1557 1649 1627 1691 ipse
1647 1648 1818 1680 incolumis
1839 1658 1915 1679 eva-

155 1701 249 1739 serit;
275 1702 384 1744 potius
411 1701 572 1733 infelicem
602 1713 675 1732 eum
699 1694 772 1733 essi¹
800 1702 854 1743 qui
883 1702 987 1733 nullas
1014 1702 1092 1733 alias
1119 1701 1273 1744 reliquias
1294 1701 1414 1732 babeat
1434 1701 1491 1732 nisi
1513 1712 1548 1732 se
1568 1701 1690 1743 ipsuum
1718 1700 1748 1730 in
1775 1699 1915 1731 eandem

156 1753 349 1784 sententiam
371 1753 491 1785 deinde
507 1753 722 1790 demonstrat.
742 1754 938 1796 Pompeium
955 1765 1091 1796 quoque
1106 1754 1221 1785 salutis
1238 1753 1472 1796 poenitentiam
1489 1759 1639 1784 acturum
1654 1751 1768 1788 fuisse,
1789 1752 1914 1783 etiamsi

153 1804 325 1836 incolumis
345 1805 470 1837 suisset.
491 1825 540 1829 —
560 1802 674 1839 (ἈΙ).
696 1801 802 1839 xxi.
829 1804 857 1837 1.
880 1806 1024 1837 Primam
1039 1809 1122 1847 pala
1143 1807 1297 1843 [nullium
1319 1806 1371 1836 illi
1386 1804 1612 1847 superfuisse]
1638 1805 1713 1836 Non
1734 1803 1837 1835 credo
1854 1802 1914 1835 du—
1955 1829 1957 1847 3

154 1855 244 1887 bium
262 1868 336 1888 esse
356 1858 431 1899 quin
454 1863 511 1889 aut
532 1869 591 1888 vox
612 1859 753 1891 multum.
781 1869 878 1900 quam
908 1857 1048 1900 exempli
1076 1869 1174 1889 causa
1196 1857 1396 1900 interposui,
1425 1863 1482 1898 aut
1508 1857 1538 1888 in
1560 1855 1698 1887 eandem
1717 1856 1914 1887 sententiam
1954 1881 1956 1887 .

157 1907 245 1939 aliud
260 1908 339 1950 quid
354 1909 524 1946 exciderit,
546 1909 635 1951 quod
653 1909 772 1941 deinde
792 1910 1008 1951 sequentibus
1027 1910 1131 1941 verbis
1148 1909 1321 1943 dilatatur:
1341 1920 1413 1940 nam
1429 1920 1515 1951 quae
1530 1914 1701 1951 praeterea
1719 1908 1748 1938 in
1760 1912 1915 1950 promptu

157 1964 207 1991 est
225 1960 422 1995 emendatio.
443 1968 478 1993 ut
498 1962 631 1992 verbum
651 1963 879 2003 cmnprclwmle
906 1962 1056 2001 tollatur,
1083 1962 1187 1993 minus
1215 1962 1325 2003 placet
1352 1966 1529 2004 propterea
1556 1959 1645 2002 quod
1674 1960 1808 1991 verbum
1833 1958 1913 1990 illud

156 2010 231 2042 nihil
250 2011 359 2050 habet,
380 2025 438 2044 cur
457 2020 646 2055 suspectum
669 2013 833 2049 videatur:
858 2014 978 2045 xersari
999 2020 1109 2046 autem
1130 2025 1188 2045 nos
1208 2014 1239 2045 in
1259 2014 1335 2045 loco
1355 2013 1439 2045 male
1457 2012 1569 2044 habito
1590 2018 1624 2043 et
1643 2012 1802 2044 lacunoso
1822 2020 1913 2043 com-

155 2063 295 2106 probant
312 2064 377 2100 illa.
397 2077 482 2107 quae
503 2064 623 2097 deinde
642 2066 814 2108 leguntur:
844 2069 908 2098 cito
932 2069 1059 2097 cessuri
1081 2067 1146 2098 loeo
1166 2062 1188 2084 =::=
1209 2069 1352 2097 venienti
1374 2068 1408 2097 iu
1424 2067 1556 2107 poclum
1575 2060 1598 2082 ²²³
1618 2065 1676 2096 lenc
1697 2065 1914 2106 prospicimus
1952 2103 1953 2106 Ἰ

156 2114 339 2156 hospilimn.
386 2129 523 2159 quorum
550 2117 624 2148 mihi
652 2117 847 2149 emendandi
875 2117 962 2149 nulla
988 2119 1071 2150 ratio
1099 2118 1263 2150 succurrit
1295 2127 1492 2160 quamquam
1518 2117 1640 2152 πολλᾶς
1664 2115 1755 2152 ὁὸοῦς
1782 2113 1914 2147 ἐλθόντι

156 2168 326 2209 φροντίὸος
345 2168 486 2205 πλάνοις.
524 2181 632 2211 neque
652 2170 682 2200 in
703 2171 847 2212 proxima
868 2170 1031 2201 sententia
1052 2181 1162 2202 verum
1184 2169 1330 2206 videtur,
1356 2168 1446 2211 quod
1473 2180 1490 2199 e
1518 2167 1649 2200 duobus
1676 2166 1776 2199 codd.
1797 2177 1913 2198 recen-

156 2217 295 2250 tioribus
314 2218 478 2252 adiectum
497 2227 549 2253 est
567 2224 713 2259 consuit,-
739 2233 805 2264 quo
833 2222 906 2253 loco
934 2222 960 2253 si
980 2222 1052 2264 quis
1072 2222 1148 2253 nihil
1169 2222 1288 2253 deesse
1309 2221 1448 2253 credere
1467 2220 1608 2258 mavult.
1630 2230 1703 2251 cum
1723 2219 1753 2250 in
1773 2217 1850 2250 cod.
1872 2218 1911 2250 A.

157 2269 318 2302 scribatur
336 2274 498 2310 convolvit,
517 2272 612 2305 facile
632 2273 781 2317 corrigas
801 2274 1004 2306 incredibili&
1022 2274 1174 2306 celeritas
1183 2287 1196 2311 ‚·
1214 2285 1288 2305 nam
1307 2277 1432 2316 tempus
1450 2282 1582 2309 nomen,
1610 2270 1652 2303 de
1670 2282 1736 2313 quo
1758 2271 1798 2303 F.
1819 2270 1913 2313 cogi-

158 2321 247 2359 tavit,
266 2322 403 2366 intelligi
421 2324 510 2357 nullo
529 2325 629 2357 modo
649 2330 772 2369 potest.
794 2345 841 2350 —
879 2321 968 2359 [bid.
989 2328 1012 2365 ς
1031 2323 1066 2358 2.
1090 2326 1170 2367 qvid
1194 2337 1268 2369 ergo
1287 2328 1423 2358 interest
1441 2324 1497 2364 [in]
1519 2324 1555 2356 id
1571 2321 1760 2366 extendere]
1787 2323 1913 2355 Vocem
