1968 2599
1020 135 1069 177 16

173 251 304 282 Seneca
321 248 352 279 in
371 245 479 278 media
497 245 783 289 argumentatione
802 243 897 275 aliam
915 243 976 275 sibi
995 248 1094 286 atque
1114 242 1303 275 adversario
1323 244 1518 276 sententiam
1538 256 1612 277 esse
1629 246 1675 277 ita
1693 246 1864 289 professus
1879 247 1931 289 sit,

173 306 211 334 ut
229 300 304 333 nihil
323 298 411 330 aliud
431 309 527 340 quam
546 297 630 329 illius
649 296 756 328 verbis
776 307 837 327 non
856 306 951 327 suum
969 300 1204 338 praeponeret.
1243 296 1356 331 Quare
1375 308 1449 328 cum
1470 302 1612 340 utraque
1630 298 1728 338 ratio,
1757 310 1854 341 quam
1873 299 1932 332 ad-

172 354 238 386 huc
260 353 291 383 in
319 349 493 382 scribendo
519 355 551 381 et
577 347 771 392 explicando
797 347 861 379 hoc
884 347 960 379 loco
989 348 1045 379 viri
1071 347 1161 379 docti
1185 346 1344 388 inierunt,
1372 349 1507 391 probari
1525 361 1590 381 non
1610 350 1733 392 possit,
1755 362 1820 394 ego
1841 351 1879 394 ἢν
1896 350 1933 385 εὖ

173 406 304 437 σκοπῶν
322 401 469 444 εὕρισκον
487 404 577 433 ἴασιν
594 400 707 442 μόνην,
735 399 855 441 ταύτην
874 400 1008 440 ἔπραξα.
1046 411 1111 431 non
1139 399 1223 431 enim
1247 399 1352 431 visum
1371 406 1422 432 est
1445 400 1518 433 ullis
1538 401 1694 434 machinis
1723 403 1795 434 fieri
1818 415 1929 446 posse,

173 461 210 488 ut
227 460 294 487 tres
312 453 387 485 illae
406 454 606 492 sententiae,
634 463 715 494 quas
735 462 835 494 supra
855 463 895 482 ex
916 452 1116 494 optimorum
1135 450 1236 483 codd.
1256 451 1323 483 fide
1342 451 1520 495 adscripsi,
1547 454 1578 485 in
1598 454 1803 497 probabilem
1822 460 1855 487 et
1874 466 1929 487 ac—

175 505 416 540 commodatam
427 507 576 538 Senecae
585 503 721 536 consilio
733 503 990 547 disputationem
1000 504 1137 543 coeant3
1157 504 1269 546 itaque
1283 503 1446 536 excidisse
1461 505 1588 548 aliquot
1601 506 1702 537 verba
1717 511 1808 538 ratus
1822 506 1932 539 locum

174 559 220 591 sic
239 558 405 601 supplevi:
437 557 563 590 Deinde
581 559 614 587 si
630 558 819 587 immaturus
839 556 989 595 [decessit
1008 556 1086 594 tibi,
1113 558 1199 587 certe
1216 554 1296 596 fato
1321 568 1383 588 non
1410 559 1613 598 inmaturus]
1639 558 1796 598 decessit,
1822 570 1931 602 neque

172 611 237 643 hoc
254 610 330 642 mihi
349 621 454 649 sumo,
474 614 511 640 ut
528 608 599 651 ipsa
619 609 771 640 Senecae
790 607 890 639 verba
908 607 1092 639 restituisse
1110 607 1242 647 videar,
1263 607 1323 639 sed
1345 607 1572 640 demonstrare
1587 609 1687 650 volui,
1709 610 1764 653 qui
1782 610 1852 642 fere
1871 622 1932 654 po—
1967 625 1968 651 {

172 663 274 695 tuerit
297 661 454 693 orationis
483 659 564 692 ordo
592 671 683 700 esse,
711 671 797 702 quae
825 660 946 691 erroris
972 659 1117 691 occasio,
1147 679 1195 683 —
1227 660 1335 691 Paulo
1362 666 1439 703 post
1465 672 1505 692 ex
1533 661 1609 693 cod.
1628 661 1654 693 A
1675 667 1708 693 et
1727 662 1796 694 aliis
1815 662 1932 706 scripsi
1965 659 1968 680 ³

196 713 381 756 qsaligarit,
399 714 429 744 in
450 724 515 755 quo
536 711 709 743 commode
729 711 924 755 intelligitur
943 716 1115 749 senectus-3
1135 711 1237 754 vulgo
1257 711 1497 754 defatigantur.
1517 732 1566 736 —
1590 709 1674 746 ibid.
1696 716 1718 753 ,Ε
1740 712 1776 747 5.
1796 714 1835 746 In
1855 714 1932 747 cod.

172 767 200 798 A
219 766 377 809 leguntur
394 765 494 796 haec:
522 776 579 795 nec
598 765 685 795 illum
706 765 841 796 ulterius
860 764 1064 806 diligentiam
1084 766 1119 795 nt
1136 767 1247 805 ¹gratia
1263 765 1470 806 promovebit.
1513 766 1581 805 [Sic
1607 765 1744 797 liabent:
1770 767 1860 798 illum
1883 768 1932 799 nl-

173 821 275 850 terius
299 818 500 859 diligentiam
525 828 566 847 ea:
591 817 722 848 consilio
745 816 955 858 perdidisse]
991 816 1083 848 Tulit
1107 827 1208 847 sumn.
1236 816 1328 848 Leve
1354 815 1435 848 illud
1455 821 1521 855 est,
1548 816 1640 859 quod
1666 817 1870 860 diligentiam
1896 820 1934 850 ut

173 870 328 913 scriptum
347 874 395 900 est
413 880 472 911 pro
493 868 665 910 diligentia
685 872 757 903 ant:
787 867 827 899 de
847 867 1063 911 sequentibus
1084 878 1161 899 vero
1184 867 1324 900 difficilis
1345 869 1496 911 quaestio
1518 874 1584 907 est;
1606 880 1645 901 ac
1664 869 1780 912 reliqui
1799 869 1932 913 quidem

174 921 307 954 codices
326 921 357 952 in
376 919 544 963 multiplici
565 919 785 963 discrepantia
804 920 880 951 nihil
899 926 1006 951 tamen
1026 919 1164 959 habent,
1192 919 1281 962 quod
1310 920 1351 952 ad
1376 932 1484 952 veram
1505 921 1701 964 scripturam
1720 922 1857 965 propius
1876 933 1932 954 ac-

174 974 294 1006 cedere
313 972 488 1015 suspiceris
509 984 606 1014 quam
626 984 711 1015 quae
732 978 808 1004 sunt
826 972 856 1003 in
877 973 903 1003 A
924 971 1009 1011 cod.‚
1031 983 1049 1002 a
1069 983 1134 1014 quo
1157 972 1212 1014 qui
1231 972 1451 1004 coniectando
1477 972 1668 1016 longissime
1697 972 1931 1015 discesserunt,
1965 978 1968 982 ⁴

174 1037 213 1058 ex
233 1026 268 1057 iis
287 1025 389 1067 petita
408 1030 457 1056 est
475 1024 611 1067 vulgata
629 1024 792 1067 scriptura
810 1024 910 1055 haec:
931 1025 1137 1065 promovebit.
1164 1027 1227 1055 scit
1246 1025 1381 1056 libenter
1399 1025 1488 1056 illum
1507 1025 1642 1057 ulterius
1662 1025 1867 1067 diligentiam
1891 1038 1933 1058 em

172 1080 302 1109 consilio
319 1077 511 1118 perdidisse.
543 1077 633 1108 Tulit
650 1088 751 1107 sumn.
782 1088 867 1118 quae
888 1076 987 1107 verba
1006 1076 1217 1119 Ruhkopfius
1237 1088 1303 1108 non
1324 1081 1404 1120 puto
1432 1076 1523 1119 quod
1550 1077 1589 1108 ab
1617 1076 1767 1109 omnibus
1793 1077 1933 1122 intelligi

173 1128 334 1164 crederet,
355 1127 414 1160 sed
435 1128 510 1170 quia
530 1129 600 1171 ipse
621 1140 686 1160 non
705 1128 922 1171 intelligebat,
943 1128 1071 1160 silentio
1093 1128 1287 1168 transmisit;
1308 1140 1417 1171 neque
1438 1140 1503 1172 ego
1523 1128 1561 1160 iis
1580 1128 1835 1172 interpretandis
1852 1141 1933 1173 ope-

171 1193 238 1213 ram
257 1180 409 1223 perdam;
442 1180 483 1212 F.
506 1179 649 1223 denique
668 1185 774 1212 totum
793 1180 882 1211 illum
901 1179 1030 1220 locum,
1058 1191 1156 1222 quem
1175 1180 1267 1212 uncis
1287 1181 1420 1217 inclusi,
1447 1186 1615 1223 tamquam
1633 1181 1779 1224 spurium
1801 1181 1932 1222 abiecit,
1961 1209 1962 1214 ,

171 1245 236 1265 non
256 1239 358 1269 recte,
378 1237 415 1263 ut
433 1238 532 1275 puto;
558 1244 630 1264 nam
650 1232 730 1264 illud
751 1232 883 1275 quidem
903 1231 1109 1264 manifestum
1131 1237 1182 1263 est
1200 1243 1299 1264 voces
1320 1234 1408 1265 illum
1427 1234 1562 1264 alterins
1581 1233 1786 1275 diligentiam
1804 1233 1932 1276 spurias
1961 1228 1962 1231 ¹

172 1297 249 1317 sane
270 1296 359 1316 esse:
381 1296 436 1315 eas
457 1284 541 1315 enim
560 1284 710 1316 librarius
730 1284 805 1316 ideo
827 1283 959 1321 adiecit„
980 1284 1056 1327 quia
1075 1296 1149 1315 cum
1171 1283 1257 1316 duae
1276 1285 1382 1316 lineae
1403 1296 1421 1315 a
1436 1296 1518 1316 voce
1535 1285 1623 1316 illam
1637 1285 1831 1328 inciperent,
1852 1297 1932 1317 ocu-

170 1337 275 1368 lorum
295 1348 409 1368 errore
429 1347 541 1368 rursus
561 1336 602 1367 ad
622 1336 911 1379 antepenultimam
932 1335 1061 1368 delatus
1082 1342 1146 1373 est,
1174 1348 1313 1379 eamque
1340 1337 1459 1368 iterum
1485 1336 1696 1379 perscripsit,
1723 1336 1845 1369 deinde
1864 1338 1932 1369 ani-

171 1388 342 1420 madverso
363 1399 476 1420 errore
496 1394 691 1430 sequentem
711 1389 827 1420 lineam
846 1400 911 1420 non
931 1388 1062 1431 scripsit
1080 1388 1209 1421 iterum.
1229 1400 1315 1431 quae
1334 1389 1404 1431 pari
1424 1387 1495 1420 fere
1514 1388 1697 1420 litterarum
1715 1400 1852 1421 numero
1872 1389 1931 1421 ha-

171 1441 271 1472 bebat
289 1440 359 1472 illa:
379 1443 415 1471 nt
432 1443 543 1482 gratia
558 1442 765 1482 promovebit.
798 1443 853 1472 Sic
872 1441 1001 1475 liabent.
1020 1439 1103 1472 salso
1123 1445 1232 1472 autem
1252 1441 1401 1472 iteratam
1421 1452 1487 1472 non
1508 1439 1643 1479 delevit3
1665 1452 1767 1483 quare
1785 1441 1856 1473 illa:
1877 1442 1933 1474 Sic
1957 1436 1958 1439 ¹

171 1493 289 1524 habent
307 1493 395 1524 illum
414 1504 455 1523 ezr
472 1494 604 1524 consilio
619 1493 823 1535 perdidisse,
849 1504 914 1524 nou
934 1492 1107 1524 abicienda
1126 1498 1203 1524 sunt
1222 1492 1283 1524 sed
1302 1492 1527 1534 emendanda3
1553 1492 1669 1524 haeret
1692 1498 1802 1524 autem
1820 1493 1933 1525 vitium
1957 1493 1959 1501 '

171 1544 322 1588 profecto
343 1545 374 1576 in
395 1556 477 1575 voce
497 1545 625 1578 habent.
645 1557 730 1587 quae
750 1546 781 1577 in
801 1550 947 1576 extrema
966 1544 1051 1575 linea
1070 1544 1178 1587 posita
1197 1544 1288 1576 laeso
1308 1544 1452 1576 fortasse
1472 1543 1596 1576 codicis
1610 1545 1759 1588 margine
1775 1550 1933 1588 corrupta
1953 1542 1957 1569 ’τ

173 1602 233 1633 est,
252 1597 347 1628 sicuti
366 1596 462 1627 etiam
482 1608 581 1627 voces
602 1598 806 1639 diligentiam
824 1600 871 1631 nt,
892 1608 977 1639 quae
998 1602 1030 1628 et
1050 1597 1139 1639 ipsae
1159 1596 1193 1627 in
1211 1602 1357 1628 extrema
1373 1596 1458 1628 linea
1477 1596 1621 1633 fuerunt,
1640 1597 1671 1628 in
1691 1597 1756 1628 fine
1773 1596 1932 1640 deprava·
1952 1591 1954 1596 ’

171 1653 225 1680 tae
250 1654 336 1680 sunt.
374 1648 443 1679 Iam
462 1659 540 1679 vero
558 1649 742 1690 perdidisse
760 1649 894 1680 verbum
923 1648 1008 1680 adeo
1028 1660 1092 1680 non
1113 1648 1259 1691 spurium
1280 1654 1341 1687 est,
1362 1654 1399 1680 ut
1418 1647 1569 1680 videatur
1588 1647 1628 1680 de
1647 1647 1807 1680 industria
1826 1660 1932 1692 oppo-
1951 1642 1954 1649 Χ

173 1700 268 1732 situm
288 1701 317 1731 ei
336 1699 428 1742 quod
447 1700 614 1742 sequitur:
635 1702 710 1732 tuli!
728 1713 830 1735 snum.
849 1701 869 1731 i.
892 1712 921 1733 e.
944 1701 985 1732 de
1005 1712 1065 1732 suo
1086 1700 1163 1731 nihil
1182 1700 1343 1743 perdidit;
1363 1712 1425 1732 nec
1444 1712 1515 1733 eam
1535 1700 1663 1732 inanem
1682 1700 1932 1732 hariolationem

173 1763 258 1789 esse,
279 1751 477 1783 documento
499 1757 548 1783 est
567 1752 660 1784 locus
680 1753 830 1796 geminus
852 1753 946 1795 epist.
967 1754 1014 1783 {59
1036 1758 1119 1784 extr.
1157 1753 1258 1785 Nemo
1283 1756 1353 1784 nisi
1376 1765 1432 1783 sno
1460 1753 1512 1784 die
1533 1755 1676 1784 moritur.
1712 1753 1798 1784 nillil
1815 1752 1933 1794 perdis

173 1815 214 1835 ex
232 1807 284 1835 tuo
304 1807 452 1845 tempore.
490 1816 563 1835 nam
582 1805 665 1845 qnod
684 1806 850 1847 relinquis,
870 1805 1008 1835 alienum
1029 1807 1086 1836 est.
1123 1805 1235 1847 itaque
1255 1804 1343 1836 illata
1363 1805 1559 1847 negatione,
1586 1815 1650 1846 qua
1676 1804 1779 1835 careri
1804 1804 1931 1847 nequit,

172 1855 303 1898 scripsi:
323 1859 370 1886 sic
389 1856 490 1887 habe.-
509 1857 558 1887 nil
574 1858 660 1888 illum
680 1870 720 1888 ea*
739 1858 870 1888 consilia
887 1857 1081 1898 perdidisse.
1118 1857 1236 1888 Mirum
1256 1868 1334 1888 vero
1355 1857 1446 1899 quod
1464 1857 1495 1888 in
1516 1855 1635 1888 eodem
1655 1855 1730 1887 cod.
1751 1857 1789 1887 A.
1817 1856 1849 1888 in
1877 1867 1932 1887 ea-

173 1906 247 1939 dem
266 1907 434 1939 locutione
452 1908 570 1939 iterum
590 1921 652 1940 vox
673 1910 721 1940 nil
739 1908 861 1941 excidit
879 1907 962 1939 infra
982 1920 1009 1939 c.
1034 1910 1092 1943 24,
1114 1910 1146 1940 Q.
1184 1910 1294 1951 Atque
1320 1908 1495 1940 formulam
1521 1907 1654 1950 quidem
1678 1907 1764 1939 illam
1783 1910 1832 1940 sic
1850 1908 1932 1940 habe

171 1970 236 1991 non
256 1960 384 1990 memini
403 1972 454 1991 me
474 1959 548 1991 alibi
568 1960 657 2003 apud
676 1961 837 1992 Senecam
856 1960 983 2003 legere,
1004 1960 1064 1991 sed
1085 1959 1165 1992 dixit
1183 1966 1293 1992 tamen
1314 1964 1361 1992 ita
1381 1961 1480 1992 habes
1498 1959 1585 1991 Dial.
1606 1959 1651 1996 Π,
1672 1960 1705 1999 6,
1726 1960 1759 1992 S.
1782 1964 1816 1991 et
1834 1960 1932 1991 habes

171 2010 259 2043 Dial.
280 2011 329 2042 IX
350 2017 431 2043 extr.
470 2012 577 2055 Magis
598 2012 712 2044 dubito
733 2012 812 2055 quid
832 2012 873 2044 sit
891 2012 971 2043 illud
998 2025 1038 2043 ea·
1063 2014 1206 2044 consilio,
1246 2018 1280 2044 et
1306 2024 1396 2044 eram
1423 2011 1656 2044 emendaturus
1683 2023 1724 2042 ex
1748 2013 1931 2052 constituto,

174 2062 264 2104 quod
283 2075 369 2095 nunc
388 2075 523 2106 quoque
543 2064 742 2106 aptissimum
763 2064 909 2103 videtur3
938 2065 1086 2106 acquievi
1111 2070 1220 2096 tamen
1245 2065 1275 2096 in
1304 2064 1458 2096 codicum
1483 2063 1662 2106 scriptura,
1689 2074 1774 2106 quae
1802 2062 1947 2109 videtur·

173 2113 256 2146 hanc
275 2116 466 2147 sententiam
486 2116 608 2147 habere
628 2128 745 2159 posse:
771 2116 848 2148 nihil
868 2128 907 2148 ex
929 2128 969 2147 eo
989 2116 1153 2159 perdidit,
1181 2116 1271 2159 quod
1299 2117 1328 2148 ei
1348 2116 1455 2148 divino
1476 2115 1612 2147 consilio
1633 2115 1829 2158 promissum
1849 2119 1930 2147 erat.

173 2184 222 2189 —
240 2162 323 2198 ibid.
345 2169 367 2205 ,ξ
386 2165 421 2200 6.
451 2171 596 2199 intericit
614 2168 730 2211 scripsi
757 2180 796 2200 ex
821 2168 896 2200 cod.
919 2169 955 2199 A.
986 2174 1019 2199 et
1045 2168 1114 2199 aliis
1136 2168 1279 2208 duobus,
1307 2167 1398 2211 quod
1422 2173 1569 2211 praestat
1594 2167 1729 2211 vulgato
1757 2169 1931 2198 interiecit.

174 2236 222 2240 ——-
241 2217 374 2249 Deinde
400 2219 501 2262 vulgo
530 2219 693 2251 edebatur
721 2220 762 2251 de
781 2220 931 2252 Pinciani
958 2220 1151 2251 coniectura
1177 2224 1253 2252 emit
1279 2224 1314 2252 ri
1336 2233 1395 2252 sna
1414 2219 1516 2260 sata.
1540 2231 1615 2251 nam
1637 2220 1669 2250 in
1695 2217 1795 2250 codd.
1824 2224 1874 2250 est
1897 2221 1933 2249 ut
1956 2227 1958 2264 ff

173 2280 233 2310 pro
252 2273 305 2307 Μ’,-
323 2281 397 2302 cum
417 2276 524 2303 autem
544 2275 557 2302 t
576 2278 609 2303 et
629 2274 643 2303 i
658 2272 788 2303 litterae
807 2273 837 2303 in
859 2271 932 2303 cod.
949 2274 986 2303 A.
1007 2284 1108 2315 saepe
1128 2278 1367 2314 permutentur.
1385 2271 1419 2303 id
1436 2271 1527 2313 quod
1543 2270 1700 2314 exemplis
1720 2267 1959 2313 comprobavit

174 2331 272 2361 supra
292 2321 333 2352 ad
354 2333 424 2364 cap.
450 2324 504 2355 ll.
525 2320 723 2367 4.,'poterat
743 2335 781 2355 ea
801 2324 992 2355 coniectura
1013 2324 1190 2356 admodum
1210 2324 1388 2368 probabilis
1407 2323 1521 2360 videri,
1547 2323 1607 2355 nisi
1632 2323 1781 2354 obstaret
1799 2327 1932 2355 senten-
1956 2322 1958 2367 l
