1968 2599
998 133 1047 175 12

141 262 211 283 nem
229 249 364 292 agedum
383 249 480 278 {otius
499 247 585 276 vitae
605 246 770 275 iniroz'lum
789 241 995 282 referamus]
1031 241 1239 283 Quamquam
1267 240 1309 272 ad
1336 241 1532 272 sententiam
1557 241 1661 284 ipsam
1682 252 1747 273 non
1767 241 1906 274 multum

142 303 290 339 interest,
311 300 475 341 aliquanto
495 302 605 329 tamen
625 306 710 328 nunc
730 294 837 337 aptius
858 292 989 325 videtur
1008 304 1082 324 cum
1101 304 1167 324 uno
1190 292 1265 324 cod.
1286 304 1321 336 g.
1342 293 1389 324 sic
1411 293 1575 324 scribere:
1608 294 1709 325 Hanc
1734 295 1908 336 imaginem

144 353 279 397 agedum
297 351 341 382 ad
359 352 457 382 totins
475 361 503 381 r.
525 350 691 380 iniroe'tnm
709 345 772 386 ref.
801 345 893 388 quod
917 356 984 377 non
1009 346 1047 376 fit
1066 349 1182 376 contra
1206 343 1330 376 codicis
1350 346 1376 376 A
1396 344 1513 384 fidem3
1542 345 1573 376 in
1602 356 1642 376 eo
1668 344 1753 377 enim
1779 350 1813 377 et
1838 345 1906 378 aliis

147 405 241 437 deest
258 414 321 434 vox
340 402 393 434 acl.
413 420 464 425 —
490 396 571 433 ibid.
594 402 616 439 ,ξ
636 397 671 431 ⁴2.
700 397 815 429 Adieci
834 397 927 429 uncis
947 396 1109 429 inclusum
1127 396 1237 428 videre
1255 396 1403 437 verbum,
1428 396 1520 440 quod
1538 408 1644 440 prope
1665 402 1715 429 est
1733 402 1770 429 ut
1788 398 1908 441 genui-

146 467 222 488 num
242 454 357 492 dicam,
378 454 453 496 quia
473 457 523 484 est
542 452 572 482 in
592 449 691 482 codd.
712 450 852 481 ABGD.
873 448 965 492 quod
985 454 1096 481 autem
1116 449 1207 480 ABG
1225 448 1350 480 habent
1368 450 1502 480 micabis
1523 460 1583 492 pro
1603 449 1793 489 miraberis,
1818 448 1909 481 haud

147 508 215 540 scio
236 519 275 538 an
295 505 416 537 indicio
437 505 478 537 sit
496 502 585 535 aliud
604 502 715 534 vitium
734 501 786 533 hic
806 501 915 533 adhuc
933 501 1048 533 latere.
1087 501 1257 543 Deinceps
1285 500 1317 531 in
1336 502 1361 531 A
1390 506 1423 532 et
1448 500 1517 532 aliis
1537 500 1636 533 codd.
1657 506 1707 532 est
1725 502 1909 543 aequalius—

145 571 214 602 qne,
234 557 324 601 quod
344 557 434 589 solus
454 557 494 587 F.
514 555 620 587 tenuit
638 553 698 585 sed
718 565 783 585 non
804 553 979 596 explicavit
998 565 1060 585 nec
1081 551 1246 591 defendit;
1269 551 1387 594 reliqui
1406 554 1587 595 aequaliter
1606 553 1820 596 scripserunt,
1840 564 1906 597 ego

145 611 324 653 aequaliter
343 620 459 651 nsque,
483 606 573 650 quod
598 606 629 637 in
655 606 724 637 aliis
751 605 967 649 scriptoribus
994 605 1212 636 offensionem
1239 603 1360 635 nullam
1385 603 1500 643 habet;
1535 605 1625 647 apud
1645 606 1809 637 Senecam
1827 616 1907 636 vero

145 663 263 695 haeret
280 661 356 693 mihi
374 659 547 702 scrupulus
569 657 610 689 de
629 658 693 690 hoc
708 669 770 689 usu
790 657 880 689 vocis
900 669 1022 699 usqne:
1041 656 1105 688 vid.
1127 656 1191 687 vol.
1211 656 1274 687 III.
1296 655 1400 699 praef.
1425 668 1503 700 pag.
1524 657 1615 689 XIV.
1643 676 1691 681 —
1725 653 1808 690 ibid.
1830 658 1853 697 S
1872 654 1907 690 4.

145 714 286 746 fortasse
323 711 548 744 scribendum:
585 711 654 742 alia
680 709 795 750 forma
827 721 934 741 rernm
966 710 1063 741 aliter
1090 709 1249 750 aliterque
1274 709 1445 740 «mirabilis.
1475 727 1526 732 --
1560 705 1644 741 ibid.
1671 712 1693 748 ,ξ
1719 706 1754 742 5.
1792 709 1909 741 adiuta

138 765 258 807 fructu
276 777 377 807 seges,
395 767 425 795 el
443 763 577 795 arbusm
594 765 665 793 sine
683 760 1023 802 cultoreserte'le'falis]
1054 761 1108 793 Sic
1129 760 1243 803 scripsi
1263 766 1399 792 secutus
1419 760 1569 792 codicem
1589 762 1633 800 A,
1658 772 1676 791 a
1703 772 1769 804 quo
1794 761 1826 792 in
1845 760 1910 793 hoc

147 823 273 850 tantum
300 816 443 853 discessi,
472 814 563 857 quod
578 813 776 853 fertilitatis
801 825 920 845 nomen
947 813 1045 856 posui
1071 824 1131 855 pro
1150 811 1326 853 sere'lale's,
1353 824 1451 855 quam
1477 813 1703 845 coniecturam
1723 813 1911 856 praeiverat

149 869 224 902 cod.
247 868 335 905 Col.;
362 873 436 899 ante
456 866 496 898 F.
519 865 620 909 vulgo
646 865 841 909 legebatur:
868 865 983 897 adiuta
1011 865 1099 896 cultu
1124 876 1215 907 seges
1234 867 1265 896 ct
1283 865 1418 896 arbusta
1437 867 1507 897 sine
1526 863 1816 905 cultore-fertilia;
1838 864 1910 908 ipse

149 921 291 963 denique
310 920 349 951 F.
370 918 591 950 recentiorum
610 918 749 949 maxime
770 917 869 949 codd.
891 917 1029 961 vestigia
1050 917 1167 960 legens
1187 916 1233 948 sic
1255 916 1376 948 edidit:
1404 917 1449 948 ad
1473 916 1739 957 vitamsructus,
1762 928 1854 960 seges
1878 919 1912 948 et

147 973 281 1005 arbusta
299 974 367 1003 sine
385 969 683 1009 cultoreserilale's.
726 981 811 1012 quae
831 969 994 1012 scriptura
1013 980 1128 1012 parum
1149 968 1322 1000 commoda
1343 973 1405 1007 est,
1427 969 1503 1011 quia
1516 980 1581 1000 non
1601 969 1680 1001 satis
1699 968 1909 1012 perspicitur,

149 1023 315 1067 quomodo
335 1023 396 1054 tria
415 1022 478 1061 illa,
499 1021 639 1058 fructus.
660 1033 759 1065 seges
780 1027 813 1053 et
832 1021 966 1053 arbusta
987 1021 1036 1053 vel
1057 1021 1302 1064 coniungantur
1323 1021 1374 1052 vel
1394 1020 1638 1060 discernantur;
1665 1021 1797 1053 Seneca
1822 1020 1908 1052 enim

149 1076 234 1108 solet
253 1086 367 1107 eorum
387 1086 472 1117 quae
491 1079 580 1106 terra
599 1073 680 1110 fert.
709 1073 791 1105 duas
811 1079 922 1116 partes
942 1073 1070 1109 facere,
1099 1073 1232 1104 arbusta
1253 1078 1286 1104 et
1304 1079 1471 1115 segetem3
1508 1072 1572 1104 vid.
1593 1073 1725 1104 Beneff.
1746 1072 1804 1111 VI,
1820 1074 1854 1111 4,
1874 1073 1909 1104 4.

150 1128 200 1159 vel
221 1127 354 1159 arbusta
374 1132 406 1158 et
426 1132 506 1158 sata.
545 1127 623 1158 Nat.
646 1126 799 1162 Quaestt.
821 1126 878 1163 VI,
903 1127 959 1166 16,
981 1127 1013 1157 1.
1035 1125 1130 1168 epist.
1153 1126 1211 1161 58.
1236 1126 1292 1156 10.
1323 1124 1364 1156 cf.
1385 1126 1464 1157 Nat.
1487 1125 1640 1161 Quaestt.
1659 1124 1705 1165 II,
1727 1125 1761 1165 6,
1783 1125 1816 1156 6.
1844 1123 1910 1164 ΙΙΙ,

150 1181 207 1212 27.
228 1181 247 1211 4
269 1191 317 1221 sq.
340 1180 398 1213 ⁶29,
421 1180 452 1210 2.
474 1177 516 1209 ad
534 1178 617 1209 haec
637 1189 701 1209 non
722 1177 818 1209 video
840 1177 1009 1220 quomodo
1036 1177 1170 1209 tertium
1193 1188 1300 1220 genus
1327 1176 1467 1209 accedat
1491 1176 1637 1216 fructus,
1664 1187 1727 1208 nec
1751 1175 1836 1208 ratio
1862 1180 1912 1207 est

147 1231 212 1263 hoc
232 1243 296 1262 uno
316 1236 467 1274 segetem
488 1236 521 1262 et
540 1230 675 1261 arbusta
694 1229 989 1272 comprehendere,
1011 1229 1087 1272 quia
1107 1228 1170 1260 hoc
1191 1229 1260 1272 agit
1280 1230 1427 1269 Seneca,
1454 1234 1491 1261 ut
1510 1229 1703 1261 varietatem
1721 1239 1832 1260 rerum
1852 1226 1912 1259 de-

148 1288 323 1320 monstret3
352 1294 454 1325 quare
474 1282 595 1314 rectius
615 1282 646 1313 in
666 1282 799 1325 vulgata
818 1281 980 1324 scriptura
1000 1281 1066 1313 duo
1087 1286 1213 1313 tantum
1232 1292 1358 1325 genera
1378 1286 1620 1324 proponuntur,
1640 1291 1739 1324 seges
1760 1286 1795 1312 et
1812 1279 1911 1311 arbu-

152 1340 214 1371 sta.
234 1334 287 1366 illa
306 1334 472 1366 hominum
492 1345 571 1365 cura
591 1333 713 1365 adiuta.
734 1334 815 1365 haec
836 1334 905 1366 sine
926 1345 1004 1365 cura
1024 1333 1154 1365 fertilia.
1190 1332 1257 1365 Sed
1277 1333 1310 1364 id
1330 1333 1434 1376 ipsum
1450 1333 1535 1364 inest
1552 1333 1583 1364 in
1603 1332 1766 1375 scriptura
1785 1330 1911 1363 codicis

150 1389 203 1425 A.;
221 1386 253 1418 id
273 1387 356 1418 enim
372 1398 437 1429 quo
459 1386 631 1418 adiuvatur
649 1398 761 1429 seges,
782 1386 882 1429 ipsius
904 1385 1030 1418 fructus
1051 1391 1112 1423 est,
1133 1384 1165 1417 id
1183 1390 1233 1416 est
1248 1396 1378 1423 semem
1398 1385 1545 1417 similiter
1561 1384 1640 1416 dixit
1655 1384 1751 1427 epist.
1770 1384 1830 1423 95,
1847 1383 1907 1415 64.

149 1441 239 1481 ipsae
257 1439 385 1470 radices
406 1439 448 1470 z'e’s
467 1450 549 1480 quae
567 1450 715 1481 genuere,
736 1438 943 1470 adiuvantur.
983 1444 1015 1469 et
1040 1437 1114 1469 alibi
1140 1437 1279 1481 opponit
1304 1438 1389 1469 inter
1415 1449 1450 1469 se
1478 1448 1564 1480 quae
1586 1447 1684 1468 manu
1703 1440 1859 1468 seruntur
1877 1440 1912 1467 et

151 1502 234 1533 quae
254 1496 372 1534 sponte
392 1496 624 1527 succrescunt:
647 1490 710 1521 sid.
732 1491 809 1522 Nat.
832 1491 985 1526 Quaestt.
1005 1490 1068 1529 III,
1089 1491 1148 1529 27,
1170 1491 1203 1521 4.
1224 1489 1282 1524 VI.
1303 1491 1362 1529 ⁶28,
1387 1490 1417 1521 l.
1439 1490 1534 1532 epist.
1557 1490 1617 1528 90,
1639 1489 1698 1519 21.
1726 1487 1815 1531 quod
1837 1498 1912 1520 cum

149 1542 212 1574 hoc
232 1554 365 1585 quoque
384 1542 459 1574 loco
481 1544 548 1575 fiat.
568 1554 663 1573 nemo
685 1542 774 1574 volet
792 1542 838 1574 acl
854 1545 953 1574 ritum.
973 1542 1118 1574 scribere
1138 1553 1197 1584 pro
1218 1541 1333 1573 adiuta
1346 1566 1353 1575 .
1374 1553 1446 1573 cum
1467 1540 1547 1572 illud
1567 1541 1597 1572 in
1617 1551 1653 1572 re
1672 1539 1845 1583 proposita
1862 1539 1911 1570 in-

150 1594 228 1627 utile
248 1595 299 1633 sit,
320 1594 384 1626 hoc
404 1606 481 1626 vero
502 1594 544 1625 ad
564 1593 771 1626 efficiendam
793 1595 1036 1637 oppositionem
1056 1593 1290 1625 necessarium.
1328 1593 1484 1636 Denique
1511 1592 1665 1636 quoniam
1685 1603 1750 1623 non
1771 1591 1812 1622 de
1831 1590 1910 1622 feris

152 1646 255 1679 solum
276 1647 414 1678 arbustis
434 1647 545 1690 agitur
564 1646 623 1678 sed
644 1646 685 1678 de
705 1647 753 1683 iis,
774 1658 860 1689 quae
881 1646 977 1678 etiam
997 1647 1067 1678 sine
1087 1646 1216 1677 cultore
1235 1644 1377 1677 fructum
1398 1645 1518 1683 ferunt,
1537 1655 1677 1677 necesse
1697 1648 1748 1675 est
1762 1643 1825 1674 levi
1840 1654 1911 1674 mu-

151 1699 274 1731 tatione
294 1698 493 1731 fertilitatem
512 1710 572 1742 pro
592 1698 722 1730 feritate
742 1710 876 1741 ponere.
915 1698 955 1730 cs.
977 1699 1072 1741 epist.
1096 1699 1154 1735 90,
1175 1699 1234 1729 21.
1258 1699 1403 1740 plurima
1430 1699 1567 1730 cultores
1586 1707 1735 1739 agrorum
1753 1706 1834 1727 nova
1860 1697 1910 1726 in-

153 1753 293 1789 veniunt,
307 1762 367 1793 per
387 1750 647 1793 qetaeferle'le'las
666 1754 835 1793 augeatur.
864 1750 905 1782 de
921 1751 1053 1783 Beneff.
1074 1750 1119 1786 ll.
1143 1751 1201 1789 ll,
1222 1751 1256 1781 4.
1277 1750 1334 1789 IV,
1358 1751 1416 1790 14,
1438 1751 1471 1781 2.
1493 1769 1539 1773 —-
1560 1747 1667 1781 Paulo
1686 1752 1764 1791 post
1781 1746 1911 1778 restitui

153 1802 244 1845 quod
264 1808 339 1834 ante
358 1803 398 1835 F.
420 1803 610 1847 legebatur:
631 1804 766 1839 insulae,
786 1815 867 1845 quar·
887 1805 1066 1834 inseri-enin
1086 1814 1142 1833 suo
1161 1804 1267 1833 maria
1287 1802 1515 1844 disiingmmt;
1542 1812 1616 1833 nam
1636 1800 1698 1831 etsi
1713 1801 1826 1842 paria,
1844 1809 1910 1830 non

151 1858 268 1886 maria.
289 1861 338 1886 est
356 1855 386 1886 in
407 1856 530 1898 optimo
552 1855 679 1892 codice,
700 1855 830 1887 videtur
848 1854 881 1886 id
900 1860 1008 1886 tamen
1029 1854 1115 1886 adeo
1135 1854 1357 1897 importunum
1385 1859 1418 1885 et
1436 1854 1538 1897 longe
1557 1852 1714 1896 petitum,
1741 1856 1779 1882 ut
1802 1849 1911 1882 malim

153 1917 310 1938 accusare
336 1907 456 1939 librarii
483 1918 628 1939 errorem
656 1919 751 1950 quam
780 1906 971 1939 desiderare
990 1906 1147 1938 iudicium
1168 1907 1329 1938 Senecae.
1357 1925 1405 1929 —-
1442 1898 1526 1938 ibid.
1553 1907 1576 1944 ,ὃ
1596 1902 1630 1937 6.
1659 1903 1747 1941 Qm’d
1765 1902 1911 1945 lapidum

151 1970 403 2002 gemmarumque
430 1958 546 2002 fulgor
583 1962 642 2000 [ef]
680 1962 712 1991 in
740 1963 839 1997 serra,
876 1959 1064 2001 rapidorum
1096 1961 1285 1990 torrentium
1317 1969 1432 1989 aarum
1464 1959 1573 1989 arenis
1604 1956 1810 1999 interfluens]
1843 1953 1911 1985 Le-

153 2010 295 2054 gebatur
322 2011 422 2055 vulgo
450 2017 525 2043 ante
550 2011 609 2043 F.:
638 2010 755 2053 fulgor
791 2015 822 2043 et
858 2014 942 2043 inter
978 2011 1165 2053 rapidorum
1191 2021 1318 2042 cursum
1347 2012 1538 2042 torrentium
1574 2019 1689 2040 aarum
1721 2019 1750 2039 α.
1787 2009 1833 2043 2'.,·
1865 2005 1908 2038 F.

152 2073 230 2093 vero
258 2063 402 2106 scripsit:
419 2062 536 2106 fizlgor
563 2066 594 2094 et
622 2066 707 2095 fule?-
732 2063 920 2106 rapidorum
948 2066 1138 2095 torrentium
1160 2074 1279 2094 arenas
1304 2074 1418 2093 aurum
1438 2062 1645 2104 interfluens,
1672 2057 1764 2103 quod
1787 2057 1911 2089 habent

155 2113 285 2156 quidam
306 2114 404 2146 codd.
424 2116 628 2147 recentiores
649 2121 682 2147 et
701 2115 826 2158 aliquot
846 2115 922 2147 edd.
955 2116 993 2147 In
1013 2121 1156 2158 utraque
1176 2115 1339 2157 scriptura
1358 2114 1524 2157 vituperes
1545 2112 1636 2155 quod
1655 2111 1685 2143 in
1705 2110 1758 2143 illa
1776 2114 1910 2142 senten-

152 2165 217 2197 tiae
236 2172 340 2208 parte,
359 2167 391 2198 in
410 2179 474 2209 qua
492 2167 619 2211 lapides
640 2173 673 2199 et
691 2179 842 2210 gemmae
862 2172 1180 2207 commemorantur,
1207 2166 1294 2198 nulla
1323 2172 1373 2198 est
1398 2165 1463 2197 loci
1491 2163 1702 2208 significatio,
1730 2173 1815 2205 quae
1842 2173 1909 2193 non

155 2216 250 2249 deest
268 2217 298 2249 in
318 2218 449 2261 reliquis
469 2219 628 2262 partibuS.
652 2231 691 2251 ac
710 2225 883 2262 praeterea
904 2219 994 2262 quod
1014 2220 1043 2251 in
1065 2218 1280 2262 sequentibus
1300 2218 1401 2262 longe
1423 2217 1604 2248 discessum
1624 2221 1674 2248 est
1693 2226 1711 2246 a
1729 2214 1796 2246 fide
1817 2212 1909 2246 codi-

154 2268 199 2299 cis
217 2270 255 2306 A,
276 2270 307 2300 in
327 2281 392 2313 quo
412 2270 543 2314 legitur,
563 2270 654 2314 quod
674 2283 740 2314 ego
760 2272 904 2303 restitui:
923 2274 1113 2303 torrentium
1132 2282 1246 2303 aarum
1265 2271 1397 2302 lcarem's
1417 2270 1610 2312 interfluens
1629 2272 1729 2310 atque
1746 2265 1781 2298 id
1802 2266 1909 2309 ipsum

152 2318 272 2352 habent
290 2322 434 2364 quinque
454 2323 505 2353 alii
524 2323 623 2355 codd.
644 2335 720 2355 mss
743 2330 776 2355 et
796 2323 872 2355 edd.
894 2323 1154 2361 vetustissimae3
1175 2334 1284 2365 neque
1305 2327 1355 2353 est
1373 2322 1403 2353 in
1423 2321 1460 2353 iis
1480 2321 1587 2352 verbis
1607 2319 1783 2363 quicquam
1803 2317 1909 2349 offen-

154 2372 269 2411 s10nis;
290 2373 405 2405 eadem
424 2380 588 2406 structura
608 2387 687 2407 usus
708 2376 837 2407 Seneca
859 2376 954 2418 epist.
979 2377 1062 2411 100,
1085 2378 1116 2412 5.
1139 2374 1221 2406 dixit
1240 2386 1343 2416 aquas
1363 2374 1518 2405 cubiculis
1538 2373 1775 2416 inim-fluentes.
1806 2380 1908 2412 quare
