1968 2599
923 159 977 202 25

112 261 323 295 CAROLUS
365 262 629 297 LUDOVICUS
670 264 841 305 KLOSE,
880 266 938 299 Dr.
962 267 1000 299 P.
1027 269 1063 300 P.
1095 269 1135 301 Ο.
1171 269 1282 302 honor.
1360 272 1530 303 Publice
1568 274 1589 305 ff.
1636 275 1686 306 De
1705 276 1819 307 morbis

58 318 175 347 mentis
193 314 332 347 disseret
350 314 380 346 d.
400 315 486 347 Lun.
506 321 538 347 et
557 316 626 348 Iov.
646 316 675 348 h.
696 328 751 349 111.
806 318 1006 351 Privatim
1046 321 1084 351 ΙΙ.
1125 322 1348 365 Patleologiam
1367 325 1544 364 generalem
1571 333 1710 368 exponet
1735 326 1817 359 dieb.

59 367 142 399 Lun.
163 367 256 398 Mart.
276 367 343 398 lov.
363 367 443 399 Ven.
463 367 493 399 11.
513 378 553 399 11.

162 418 373 451 CAROLUS
399 419 555 451 IULIUS
581 420 846 453 GUILELMUS
874 422 1050 455 PAULUs
1069 424 1246 461 REMER,
1280 425 1337 456 Dr.
1365 425 1401 457 P.
1431 426 1466 457 P.
1486 426 1523 458 Ε.
1590 427 1762 461 Publice
1787 431 1815 462 1.

59 471 113 505 De
130 473 248 503 ossium
258 469 428 511 fracturis
447 473 480 502 et
497 472 717 504 [amasionibus
737 472 873 504 disseret
892 480 941 505 ter
960 486 1018 516 per
1036 475 1130 507 hebd.
1150 476 1181 507 h.
1201 476 1263 508 def.
1312 477 1507 509 Privatim
1539 479 1578 510 11.
1608 480 1816 523 chirurgiam

58 524 239 566 generalem
271 522 403 554 docebit
428 523 531 555 sexies
564 535 622 566 per
653 523 749 555 hebd.
778 524 808 555 11.
838 523 901 556 def.
968 526 1028 557 111.
1065 528 1276 568 Operationes
1300 529 1503 568 chirurgicos
1530 529 1759 564 demonstrabit
1785 539 1817 565 et

60 577 313 608 exercitationes
333 577 366 606 in
386 575 598 606 cadaveribus
618 576 838 607 instituendas
855 576 1076 609 moderabitur
1094 580 1196 610 sexies
1215 591 1274 623 per
1292 579 1387 611 hebd.
1408 580 1438 611 h.
1461 591 1504 612 vl.
1525 587 1599 613 mat.

163 626 363 659 [OANNES
397 627 626 659 IOSEPHUS
662 627 838 665 SElDEL.
876 629 935 660 Dr.
994 631 1136 662 (iratis
1170 631 1194 662 Ι.
1241 632 1290 664 De
1315 632 1511 664 metallorum
1537 645 1594 664 usu
1615 635 1733 667 medico
1751 635 1814 667 dis-

60 685 147 711 seret
165 684 216 711 ter
235 689 294 722 per
312 677 408 711 hebd.
428 678 459 710 11.
481 678 544 711 def.
591 679 634 710 ΙΙ.
655 680 844 711 methodum
854 679 1019 720 formulas
1038 682 1178 713 medicas
1196 683 1413 714 concionandi
1427 683 1558 716 docebit
1576 685 1622 716 bis
1642 698 1699 728 per
1718 686 1812 719 hebd.

60 730 91 762 11.
112 729 178 763 def.
249 730 443 762 Privatim
473 731 535 762 ΙΙΙ.
579 732 759 763 Materiam
778 733 933 764 medicam
951 739 1092 775 exponet
1109 734 1212 765 sexies
1232 746 1290 777 per
1309 735 1402 767 hebd.
1425 735 1454 766 h.
1476 735 1540 767 def.

164 781 374 814 CAROLUs
408 783 672 815 GUILELMUS
706 783 875 823 KLOSE,
912 784 971 816 Dr.
1045 785 1184 817 Gratis
1213 788 1237 818 1.
1280 787 1330 818 De
1361 787 1484 818 leerniis
1516 787 1654 820 disseret
1684 789 1730 820 bis
1756 800 1814 832 per

60 833 157 867 hebd.
177 834 208 866 h.
229 832 294 866 def.
364 835 561 867 Privatim
591 835 632 866 II.
674 835 726 867 De
744 836 903 867 medicina
923 836 1023 878 legali
1038 836 1175 868 disseret
1192 843 1240 869 ter
1259 849 1316 880 per
1335 837 1428 869 hebd.
1450 838 1480 869 h.
1500 849 1545 870 lv.

161 886 362 918 IOANNES
390 887 631 919 AUGUSTUS
658 887 926 923 BURCHARD.
953 888 1011 920 Dr.
1079 889 1216 920 Gratis
1256 890 1281 921 I.
1331 890 1381 921 De
1413 890 1527 921 morbis
1560 889 1722 931 infanium
1756 892 1814 923 ad-

60 950 142 970 nexo
164 950 260 970 cursu
285 941 521 970 vaccinationis
549 938 686 970 disseret
714 939 760 970 bis
786 950 843 982 per
868 939 962 971 hebd.
984 939 1014 971 11.
1036 939 1100 971 def.
1155 940 1198 972 ΙΙ.
1229 941 1279 973 De
1297 942 1448 982 (linguosi
1469 942 1654 974 obstetricia
1680 942 1815 974 disseret

60 990 159 1022 semel
184 1001 244 1034 per
270 989 368 1021 hebd.
397 990 426 1022 h.
454 989 517 1022 des.
575 990 776 1022 Privatim
815 991 873 1022 111.
926 992 977 1023 De
1001 994 1072 1023 arte
1097 992 1281 1024 obstetricia
1307 992 1440 1024 disseret
1459 999 1572 1036 quater
1591 1004 1650 1035 per
1667 993 1762 1025 hebd.
1783 995 1812 1025 h.

60 1041 126 1075 def.
179 1042 469 1074 Privatissime
506 1043 559 1073 W.
603 1042 841 1084 Repetilorinm
860 1043 1228 1084 theoretic‹rpracticum
1247 1044 1286 1075 de
1305 1047 1374 1075 arte
1392 1045 1576 1076 obstetricia
1597 1045 1704 1077 offert.

163 1094 399 1126 HENRICUS
422 1094 656 1134 NEUMANN‚
683 1094 742 1125 Dr.
778 1095 922 1126 Gratis
956 1095 981 1126 Ι.
1021 1096 1072 1128 De
1095 1096 1346 1137 imputabilitate
1371 1094 1505 1128 disseret
1526 1096 1623 1128 semel
1642 1108 1700 1139 per
1718 1096 1812 1129 hebd.

60 1146 92 1179 h.
113 1145 178 1179 def.
233 1146 302 1178 Pri
316 1146 397 1177 vati
410 1158 437 1177 111
476 1146 519 1177 II.
566 1146 614 1178 De
635 1146 750 1177 morbis
770 1149 884 1177 mentis
902 1146 1036 1178 disseret
1055 1153 1104 1178 ter
1121 1158 1181 1189 per
1199 1147 1295 1179 hebd.
1315 1148 1345 1179 h.
1366 1146 1429 1179 def.

163 1197 362 1230 IOANNES
397 1198 609 1230 CAROLUS
644 1198 953 1230 CHRISTIANUS
985 1199 1101 1238 KUH,
1141 1199 1213 1231 Dr.'
1238 1199 1276 1230 P.
1346 1199 1413 1230 Pri
1426 1200 1552 1230 vatim.
1590 1200 1812 1242 Pathologiam

59 1253 91 1283 et
108 1251 293 1292 tlterape'am
312 1250 485 1280 morborum
505 1250 760 1292 chirurgicorum
779 1257 920 1292 exponet
938 1250 1041 1281 sexies
1060 1261 1118 1292 per
1135 1249 1230 1282 hebd.
1251 1249 1281 1281 h.
1303 1249 1367 1282 des.

164 1301 474 1334 'PHEOBALDUS
502 1301 707 1334 BASILIUS
733 1301 909 1334 PAULUs
937 1302 1173 1340 REYMANN,
1208 1302 1267 1334 Dr.
1329 1302 1471 1333 Gratis
1496 1303 1518 1333 1.
1552 1302 1603 1334 De
1621 1302 1816 1334 tuberculosi

57 1355 241 1396 pulmonum
265 1353 403 1385 disseret
428 1353 525 1384 semei
554 1365 613 1396 per
645 1353 739 1385 hebd.
777 1353 805 1385 11.
836 1352 900 1384 def.
955 1354 1156 1385 Privatim
1193 1354 1235 1385 II.
1266 1354 1462 1395 Tleerapianz
1487 1354 1663 1395 generalem
1683 1353 1813 1386 docebit

60 1412 177 1450 quater
195 1417 254 1449 per
272 1405 369 1437 hebd.
391 1405 421 1436 h.
442 1403 506 1436 def.

164 1457 428 1490 GUILELMUS
462 1457 699 1489 HENRICUS
735 1456 944 1489 CAROLUS
980 1457 1206 1495 GROSSER‚
1244 1456 1302 1487 Dr.
1374 1456 1512 1488 Gratis
1550 1457 1573 1488 1.
1622 1458 1813 1488 Anatomiae

60 1511 268 1558 cbirurgicae
285 1512 397 1551 capita
417 1509 535 1541 selecta
562 1515 703 1552 exponet
721 1508 819 1540 semei
846 1519 904 1551 per
923 1507 1018 1540 hebd.
1040 1508 1069 1539 11.
1090 1507 1154 1539 def.
1210 1508 1252 1539 11.
1281 1508 1544 1540 Exercitationes
1570 1510 1812 1550 microscopicas

60 1562 204 1594 instituet
220 1561 319 1593 semei
340 1572 398 1603 per
416 1560 511 1592 hebd.
532 1560 562 1591 h.
583 1559 647 1592 des.
703 1561 898 1591 Privatim
940 1560 999 1591 111.
1029 1560 1241 1601 Osteologgiam
1267 1563 1299 1590 et
1327 1560 1609 1601 syndesmologiam
1633 1559 1738 1591 tradet
1765 1559 1812 1590 bis

59 1614 157 1646 hebd.
178 1613 208 1645 11.
230 1612 293 1645 def.
347 1613 403 1644 lv.
433 1613 657 1652 Angrnlogram
676 1611 808 1643 docebit
835 1612 880 1642 bis
906 1623 964 1654 per
984 1611 1079 1643 hebd.
1101 1611 1130 1643 h.
1152 1610 1216 1643 def.

163 1665 404 1697 ALBERTUS
433 1663 720 1696 THEODORUS
748 1662 1094 1701 MIDDELDORPF‚
1126 1662 1186 1695 Dr.
1241 1663 1382 1694 Gratis
1415 1662 1440 1694 I.
1486 1663 1536 1694 De
1559 1663 1722 1693 stricturis
1741 1672 1811 1693 ure-

61 1718 156 1750 tlerae
175 1717 313 1749 disseret
330 1716 427 1748 seme!
448 1727 506 1758 per
525 1715 621 1747 hebd.
642 1715 673 1747 h.
694 1713 758 1747 def.
812 1715 880 1746 Pri
893 1715 1023 1746 vatim.
1060 1715 1103 1746 II.
1133 1715 1184 1747 De
1209 1714 1437 1746 resectionibus
1462 1716 1577 1745 ossium
1600 1724 1668 1745 cum
1687 1713 1811 1744 demon-

61 1770 276 1803 strationibus
294 1771 327 1800 in
347 1768 505 1800 cadavere
523 1767 660 1799 disseret
678 1767 725 1798 bis
743 1778 804 1810 per
821 1766 917 1798 hebd.
938 1767 968 1798 h.
988 1765 1053 1798 def.

164 1821 340 1853 VICTOR
366 1820 519 1852 IULIUS
547 1819 684 1859 NEGA‚
711 1819 770 1850 Dr.
817 1818 962 1850 Gratis
997 1819 1022 1849 1.
1065 1818 1116 1850 De
1141 1817 1290 1849 remediis
1308 1817 1533 1849 resolventibus
1551 1819 1581 1847 et
1598 1815 1812 1847 alterantibus

62 1873 200 1906 disseret
219 1873 266 1904 bis
280 1883 340 1916 per
354 1871 449 1903 hebd.
466 1871 496 1903 h.
508 1870 572 1903 def.
613 1870 656 1902 II.
678 1871 730 1904 De
748 1882 806 1901 usu
819 1882 976 1912 aquarum
995 1870 1224 1901 medie-alarum
1243 1868 1468 1911 arteficialinm
1485 1867 1653 1900 secuudum
1671 1877 1812 1898 normam

61 1926 123 1959 Dr.
143 1927 272 1957 Struvii
287 1927 319 1956 et
337 1925 727 1965 Soltmauniparatarmn
747 1922 883 1954 disseret
908 1922 1006 1953 semei
1031 1933 1090 1964 per
1108 1920 1203 1953 hebd.
1224 1920 1253 1952 b.
1274 1919 1339 1952 def.
1392 1919 1590 1952 Privatim
1626 1918 1686 1950 111.
1728 1918 1810 1950 Dia-

60 1979 174 2021 gnosin
198 1977 374 2008 morborum
396 1976 596 2019 physicalem
616 1977 795 2016 praecipue
818 1975 1054 2015 percussionem
1080 1976 1112 2004 et
1138 1973 1404 2004 auscultationem
1429 1982 1497 2003 cum
1526 1969 1811 2002 exercitationibus

54 2031 219 2073 practicis
237 2032 269 2060 et
286 2030 516 2070 experimentis
535 2029 736 2058 coniunctam
756 2025 886 2058 docebit
904 2031 954 2057 ter
972 2036 1030 2068 per
1049 2024 1144 2056 hebd.
1172 2024 1202 2056 h.
1223 2022 1287 2055 def.

163 2165 401 2199 HENRICUS
428 2163 676 2197 ROBERTUS
703 2162 964 2200 GOEPPER'P,
990 2161 1048 2193 Dr.
1066 2161 1106 2192 P.
1125 2160 1163 2192 P.
1184 2160 1224 2192 Ο.
1276 2159 1487 2191 Privatim.
1516 2158 1567 2190 De
1587 2157 1714 2199 plantis
1735 2155 1810 2199 offi-

63 2219 223 2252 cinalibus
241 2217 412 2250 secundum
432 2217 561 2248 ordines
575 2216 742 2248 naturales
758 2226 822 2246 una
839 2226 907 2246 cum
929 2211 1252 2245 (leneonstrationibus
1267 2210 1554 2254 pharmacologicis
1573 2208 1708 2241 disseret
1726 2207 1811 2241 dieb.

59 2271 144 2303 Lun.
166 2271 260 2303 Mart.
283 2270 348 2302 Iov.
371 2270 450 2301 ven.
471 2269 502 2301 h.
524 2280 553 2300 x.
