1968 2599
999 152 1052 195 24

135 265 214 308 gie.
243 264 394 295 Monac.
426 263 533 296 1850.
561 262 668 295 tradet
687 261 831 306 quotidie
859 273 928 294 exc.
949 261 979 293 d.
999 262 1067 294 Iov.
1087 261 1117 293 h.
1138 272 1181 294 xl.
1238 262 1300 294 III.
1329 262 1387 295 Ius
1406 263 1635 296 Germanicum
1657 266 1824 307 privatum
1843 265 1901 297 do-

135 316 219 349 cebit
239 314 383 359 quotidie
403 315 432 346 h.
453 326 482 347 x.
502 321 534 347 et
553 315 584 347 d.
605 315 671 346 lov.
691 314 722 346 h.
741 325 788 346 xl.

237 367 499 399 LUDOVICUS
533 366 757 404 GITZLER,
799 365 856 397 Dr.
886 365 924 397 P.
956 365 995 397 P.
1021 365 1062 398 Ο.
1133 365 1310 398 Publice
1341 367 1366 398 I.
1406 366 1458 399 De
1481 366 1594 399 ordine
1618 368 1811 400 iudiciorum
1829 372 1901 411 pri-

132 423 276 451 vatorum
302 419 519 451 Romanorum
553 418 690 450 disseret
720 417 749 449 d.
778 418 870 449 Mart.
903 423 936 449 et
961 417 1039 450 Ven.
1065 417 1095 449 h.
1122 428 1199 450 v111.
1264 418 1307 450 ΙΙ.
1348 419 1535 450 Historiam
1559 420 1684 452 ordinis
1710 421 1902 453 iudiciorum

125 472 327 514 publicorum
359 471 450 513 opud
483 472 643 503 Romanos
673 469 781 502 tradet
813 469 843 501 d.
876 470 977 502 Merc.
1010 476 1043 502 et
1076 470 1144 502 Sat.
1185 470 1216 502 b.
1251 480 1327 502 v111.
1395 470 1454 502 111.
1489 471 1547 504 Ius
1570 471 1655 515 quod
1678 472 1723 504 ad
1742 483 1902 515 personas

125 526 283 566 pertinet,
309 522 440 555 docebit
466 523 550 555 dieb.
576 522 658 554 Lun.
688 522 780 553 Mart.
811 522 911 554 Merc.
935 522 964 553 h.
985 532 1045 554 vu.
1100 522 1298 554 Privatim
1330 523 1381 554 lv.
1421 523 1662 563 Institnlz‘ones,
1682 525 1852 558 historiam
1869 529 1902 559 et

131 578 346 618 anliqm'loles
365 578 448 607 iuris
466 576 612 607 Romani
626 574 734 606 tradet
752 573 896 617 quotidie
915 573 944 605 h.
965 585 999 606 ix
1020 579 1053 605 et
1071 585 1100 605 x.

235 627 473 659 GEORGIUS
505 626 790 659 FRIDERICUS
825 625 967 658 FELIX
1000 626 1208 666 EBER'PY,
1250 626 1308 658 Dr.
1364 626 1392 658 E
1414 627 1552 659 comitiis
1582 627 1783 669 Borussicis‚
1817 637 1901 673 qu'ae

129 679 273 713 Berolini
293 686 444 723 aguntur,
464 678 565 711 redux
585 677 689 711 sactus
708 678 863 710 lectiones
881 678 1044 710 indicabit.

235 732 438 764 IOANNES
472 730 762 763 THEODORUS
797 730 1056 771 SCHIRMER,
1098 729 1157 761 Dr.
1213 730 1409 763 Privatim
1451 731 1478 763 Ι.
1524 731 1792 765 Emer-citationes
1817 735 1901 765 iuris

130 785 236 816 civilis
252 786 420 826 practicus
439 783 584 815 instituet
610 784 656 814 bis
683 794 743 826 per
762 782 857 814 hebd.
879 782 908 814 h.
929 781 993 814 def.
1047 783 1091 814 ΙΙ.
1120 782 1411 815 Exomr'uatorium
1430 786 1461 814 e!
1479 786 1705 826 repetitorium
1719 785 1898 827 pandecta-

130 836 334 869 runtbabebit
354 836 529 878 quinquies
548 847 607 878 pet·
627 835 728 867 hebd.
751 835 781 867 h.
803 833 859 866 def

717 1011 885 1054 ORDO
916 1011 1315 1077 MEmcoRUM.

232 1143 431 1175 lOANNBS
451 1143 662 1176 CAROLUS
688 1143 965 1176 LEOPOLDUS
984 1144 1195 1184 BARKOW,
1222 1143 1281 1175 Dr.
1302 1144 1339 1175 Ρ.
1361 1144 1397 1175 P.
1419 1144 1459 1176 Ο.
1481 1143 1509 1175 h.
1531 1151 1553 1176 t.
1573 1144 1654 1177 Dec.
1691 1144 1896 1177 Privatis-

129 1196 227 1227 sime
259 1202 292 1228 et
320 1196 458 1239 gratis
501 1196 526 1227 I.
573 1196 840 1228 Exercilah'ones
860 1199 1227 1238 zoolonu'co-ptaclicas
1247 1195 1468 1228 moderabitur
1488 1196 1633 1239 quotidie
1652 1197 1682 1229 h.
1701 1196 1765 1229 def.
1819 1198 1898 1229 Pu-
1960 1216 1961 1223 κ

128 1247 239 1280 blice
284 1247 325 1279 ll.
368 1248 655 1280 Examinatorium
681 1249 1126 1290 auotomico-pallmlogicum
1153 1249 1297 1280 instituet
1317 1248 1347 1280 d.
1368 1248 1467 1280 Merc.
1487 1255 1520 1280 et
1538 1249 1606 1281 Sat.
1623 1248 1652 1282 h.
1672 1260 1710 1282 11.
1750 1249 1812 1282 III.
1831 1250 1898 1283 De-
1961 1285 1962 1292 ἵ

130 1302 376 1332 monslralioues
401 1303 434 1331 iu
460 1311 564 1332 museo
590 1303 761 1332 zootomico
786 1300 917 1332 habebit
942 1300 1040 1332 semel
1065 1312 1125 1343 per
1145 1300 1239 1332 hebd.
1261 1300 1290 1332 h.
1311 1299 1374 1332 def.
1442 1300 1644 1333 Privatim
1676 1302 1729 1333 lv.
1775 1305 1898 1334 Anato—

128 1363 199 1385 men
217 1355 471 1393 comparativam
489 1352 596 1384 tradet
615 1352 698 1384 dieb.
719 1353 800 1384 Lun.
824 1353 916 1384 Mart.
938 1353 1006 1384 lov.
1028 1353 1105 1384 Ven.
1126 1353 1154 1384 h.
1175 1363 1218 1384 lx.

233 1405 401 1437 TRAUG.
441 1404 706 1437 GUILELMUs
751 1405 988 1437 GUSTAVUS
1031 1404 1286 1441 BENEDICT,
1335 1404 1391 1436 Dr.
1429 1405 1466 1436 P.
1500 1404 1537 1436 P.
1569 1405 1610 1436 0.
1665 1405 1842 1437 Publice
1870 1406 1895 1438 Ι.

128 1456 321 1490 Dat-trinam
353 1457 392 1488 de
414 1454 541 1496 fasciis
572 1459 603 1488 ei
634 1459 857 1489 instrumentis
889 1459 921 1488 iu
954 1457 1142 1499 chirurgiae
1170 1459 1275 1498 prasi
1311 1456 1505 1488 adhibendis
1547 1463 1688 1499 exponet
1731 1458 1895 1500 quaternis

129 1508 213 1541 dieb.
243 1508 272 1541 h.
302 1520 328 1540 v.
383 1508 425 1540 11.
452 1509 739 1541 Eoeamiieolorium
771 1512 802 1541 el
833 1511 1055 1551 repetitorium
1088 1509 1288 1540 continuabit
1313 1509 1392 1540 binis
1418 1508 1506 1540 dieb.
1535 1508 1603 1541 hor.
1629 1507 1693 1541 def.
1745 1509 1896 1541 Priva—

128 1561 207 1593 tim.
252 1560 312 1592 ΠΙ.
340 1561 487 1592 Alteram
511 1562 699 1602 chirurgiae
720 1562 874 1603 specialis
893 1573 932 1592 ac
959 1561 1128 1592 (Im-lriuae
1145 1561 1185 1592 (Ie
1203 1561 1445 1603 operationibus
1464 1561 1662 1603 chirurgicis
1675 1564 1806 1603 portem
1823 1562 1895 1593 sub-

130 1615 248 1644 iunctis
274 1613 599 1644 demouslraliom'bus
617 1614 813 1656 chirurgio-is
838 1613 944 1645 tradet
964 1614 1048 1644 senis
1069 1613 1152 1645 dieb.
1174 1613 1202 1644 b.
1223 1623 1279 1645 111.
1339 1613 1392 1645 IV.
1422 1613 1739 1655 Oplethalmiatricen
1765 1613 1896 1646 docebit

130 1665 292 1708 quaternis
313 1664 397 1696 dieb.
426 1664 454 1696 h.
483 1675 522 1696 11.
579 1666 615 1696 V.
644 1666 791 1697 Clc'uiceu
818 1665 992 1697 morborum
1018 1666 1274 1708 clu'rurgicorum
1299 1677 1337 1696 ac
1365 1666 1540 1697 morborum
1563 1665 1651 1696 oculi
1673 1664 1895 1698 moderabitur

129 1716 274 1759 quotidie
293 1716 321 1747 b.
343 1727 417 1748 vlu.
441 1722 474 1748 et
492 1728 537 1748 lx.

233 1769 336 1800 AUG.
356 1768 604 1801 EDUARDUS
620 1769 793 1801 THEOD.
812 1769 1078 1801 GUILELMUS
1096 1768 1363 1805 HENSCHEL,
1388 1768 1447 1800 Dr.
1466 1764 1507 1800 P.
1524 1769 1562 1801 P.
1581 1769 1620 1800 0.
1668 1768 1841 1801 Publice
1866 1770 1892 1802 Ι.

128 1820 425 1863 Encyclaeqmediom
444 1823 476 1852 et
494 1821 700 1863 lmclegeticeu
719 1821 826 1853 studii
842 1822 961 1853 medici
975 1821 1106 1852 docebit
1126 1821 1172 1851 bis
1193 1832 1252 1863 per
1276 1820 1371 1852 hebd.
1392 1821 1422 1852 b.
1444 1831 1499 1853 111.
1521 1820 1569 1852 vel
1588 1831 1632 1852 1v.
1686 1820 1889 1853 Privatim

126 1872 172 1905 Π.
206 1873 395 1904 senuvia-en
424 1871 596 1915 explicabit
620 1874 719 1905 ternis
751 1884 810 1916 per
835 1873 929 1905 hebd.
957 1872 1041 1905 dieb.
1075 1872 1104 1904 h.
1135 1883 1189 1904 111.
1250 1872 1310 1904 Ill.
1349 1873 1547 1915 Tlteropiom
1574 1872 1754 1914 generalem
1785 1873 1893 1905 tradet

128 1925 293 1968 quaternis
313 1935 371 1967 per
389 1923 482 1956 hebd.
503 1923 587 1956 dieb.
607 1923 637 1957 h.
658 1936 700 1957 1v.

231 1975 384 2009 IULIUS
408 1975 672 2009 GUILELMUS
691 1976 981 2016 BE'I'SCHLER,
1006 1976 1065 2008 Dr.
1086 1976 1124 2008 P.
1141 1976 1179 2008 P.
1196 1975 1236 2008 Ο.
1297 1975 1476 2008 Publice
1504 1975 1531 2006 I.
1576 1975 1715 2007 Cursum
1731 1980 1891 2018 operatio-

127 2039 203 2060 num
226 2029 483 2060 obstetriciorum
509 2028 652 2061 instituet
674 2029 722 2061 bis
748 2040 807 2073 per
828 2027 922 2060 hebd.
951 2028 982 2060 h.
1009 2027 1071 2060 des.
1127 2028 1331 2060 Privatim
1370 2028 1412 2059 Π.
1453 2026 1585 2060 Morbos
1610 2039 1709 2059 semus
1733 2031 1891 2071 sequioris

128 2079 259 2112 docebit
283 2080 368 2112 senis
393 2091 452 2123 per
476 2079 571 2111 hebd.
599 2079 682 2113 dieb.
710 2080 739 2113 h.
767 2092 826 2113 vn.
850 2087 928 2112 mat.
983 2080 1044 2111 111.
1073 2080 1234 2112 Clinicum
1257 2080 1536 2122 gynaecologicum
1561 2078 1782 2113 moderabitur
1805 2081 1890 2113 senis

126 2143 189 2176 per
205 2131 300 2164 hebd.
320 2131 404 2170 dieb,
430 2131 460 2164 h.
482 2142 527 2163 lx.

232 2183 514 2216 FRIDERICUS
547 2183 622 2216 ΤΗ.
655 2184 911 2223 FRERICHS,
949 2183 1008 2216 Dr.
1034 2183 1072 2216 P.
1092 2183 1131 2216 P.
1156 2183 1196 2216 O.
1255 2183 1427 2215 Publice
1464 2182 1491 2215 Ι.
1545 2182 1598 2215 De
1624 2183 1741 2215 morbis
1759 2183 1890 2226 hepatis
1948 2186 1950 2197 ¹

127 2234 266 2268 disseret
283 2235 329 2266 bis
347 2247 408 2278 per
423 2234 520 2267 hebd.
540 2235 572 2268 h.
592 2234 623 2268 d.
659 2236 864 2268 Privatim
889 2236 932 2268 ΙΙ.
960 2236 1172 2278 Patleologiae
1197 2238 1228 2266 et
1253 2236 1425 2278 theropioe
1444 2237 1576 2276 partem
1600 2237 1732 2267 tertiam
1756 2234 1888 2269 docebit

124 2287 228 2320 sexies
255 2298 313 2330 per
338 2286 434 2319 hebd.
460 2287 492 2320 h.
519 2297 583 2320 ΧΠ.
636 2288 698 2320 ΙΠ.
727 2288 873 2320 Cliuicen
893 2287 1048 2320 medicam
1067 2299 1137 2320 cum
1156 2287 1450 2320 exercitationibus
1466 2287 1666 2329 pole'clim'czh
1683 2289 1886 2321 coniunctam
1947 2286 1950 2295 ’

126 2338 349 2372 moderabitur
366 2338 510 2381 quotidie
527 2339 559 2371 h.
579 2351 610 2372 x.
630 2346 663 2372 et
680 2350 728 2371 n.
