1968 2599
1024 148 1075 189 22

275 260 499 293 IOSEPHUS
518 258 767 292 HUBERTUS
787 256 1032 294 REINKENS‚
1067 255 1182 287 Theoi.
1209 255 1267 286 Dr.
1317 256 1459 287 Gratis
1487 256 1510 287 1.
1554 256 1810 298 Praecipuorum
1835 257 1933 288 histo-

170 315 241 345 riae
260 313 498 344 ecclesiasticae
515 314 657 353 capitum
676 311 884 351 repetitiones
910 306 1071 339 moderari
1092 313 1210 350 perget
1237 306 1266 338 d.
1295 306 1376 339 Lun.
1404 314 1436 339 et
1457 308 1555 340 Mero.
1576 307 1606 339 h.
1628 318 1673 339 xr.
1733 308 1933 341 Privatim

171 365 213 397 lt.
242 365 432 404 Dogmatum
452 364 633 395 haeresium
652 363 821 392 historiam
841 366 981 402 exponet
1000 359 1084 391 dieb.
1107 359 1187 390 Lun.
1209 359 1309 390 Mero.
1332 359 1397 390 lov.
1418 359 1446 390 h.
1469 371 1511 391 vr.
1531 359 1688 402 pomerid.

415 563 580 606 ORDO
610 562 1094 605 THEOLOGORUM
1126 561 1693 604 EVANGELIGORUM.

273 730 505 762 HENRICUS
533 728 888 763 MIDDELDORPF.
915 728 974 760 Dr.
1001 729 1038 760 P.
1060 729 1096 760 P.
1117 729 1156 760 Ο.
1187 728 1215 760 h.
1235 735 1256 760 t.
1272 727 1313 759 D.
1344 728 1517 759 Publice
1536 728 1561 760 1.
1593 728 1628 760 ln
1648 729 1819 761 seminario
1840 730 1930 773 regio

166 781 263 813 theol.
292 781 444 813 sodalium
477 783 727 813 exercitationes
762 783 1076 823 exegeticacriticas
1110 783 1141 811 iu
1172 781 1241 812 Vel.
1272 781 1411 812 Testam.
1441 779 1662 812 moderabitur
1694 779 1724 812 d.
1750 782 1817 814 Sat.
1845 782 1874 815 h.
1901 793 1930 813 x.

168 833 359 865 Privatim
390 834 429 864 ll.
464 835 548 865 Acta
573 834 796 875 Apostolorum
830 833 1003 876 explicabit
1031 832 1199 876 quinquies
1226 844 1285 875 per
1317 832 1412 864 hebd.
1444 832 1474 863 h.
1503 844 1530 864 x.
1585 833 1644 864 Ill.
1679 833 1933 866 Pentatvuctmm

166 885 427 928 interpretabitur
454 886 556 917 sexies
585 896 643 927 per
670 885 764 916 hebd.
795 885 821 916 h.
854 897 896 917 η.

270 936 404 968 DAvtD
452 937 652 973 SCHULZ,
706 936 764 968 Dr.
806 937 842 969 P.
890 938 926 968 P.
966 938 1005 968 Ο.
1106 937 1159 968 Pu
1173 936 1282 967 blire
1325 937 1347 967 Ι.
1410 937 1445 967 ln
1491 936 1662 968 seminario
1701 937 1793 979 regio
1835 937 1931 969 theol.

167 991 414 1021 exercitationes
434 992 618 1029 uegeta-os
637 992 670 1021 et
687 992 821 1020 erim-as
847 992 879 1020 ia
901 990 944 1021 N.
968 990 1110 1021 Testam.
1139 1000 1257 1031 regere
1277 994 1395 1031 perget
1414 988 1443 1020 d.
1465 988 1565 1020 Mero.
1587 988 1615 1019 b.
1638 999 1681 1020 tx.
1726 989 1768 1020 ll.
1802 989 1929 1031 Episto-

167 1041 230 1072 lam
248 1042 348 1073 Pauli
375 1041 419 1071 ad
441 1042 600 1073 Romanos
626 1041 889 1083 interpretabitur
914 1041 946 1073 d.
969 1041 1049 1072 Lun.
1070 1048 1102 1073 et
1122 1041 1200 1072 Ven.
1222 1040 1250 1072 h.
1272 1051 1315 1072 lx.

267 1091 513 1125 AUGUSTUS
543 1093 684 1130 HAHN.
710 1093 767 1124 Dr.
788 1093 825 1125 P.
844 1093 882 1125 P.
903 1094 944 1125 ().
985 1093 1118 1124 Munere
1137 1093 1371 1127 ecclesiastico.
1391 1104 1455 1134 quo
1471 1091 1625 1135 fungitur.
1645 1092 1828 1136 impeditur.
1849 1105 1926 1137 quo-

165 1144 267 1175 minus
286 1156 344 1187 per
364 1152 517 1176 aestatem
539 1145 692 1177 lectiones
712 1144 837 1177 habeat.

268 1196 533 1229 GUlLELMUS
565 1197 807 1233 BOEHMER.
839 1197 897 1229 Dr.
924 1197 961 1229 P.
995 1197 1033 1228 P.
1053 1197 1093 1228 Ο.
1147 1196 1319 1228 Publice
1345 1197 1369 1228 1.
1418 1197 1605 1229 Historiam
1628 1207 1794 1228 sacrorum
1819 1207 1840 1228 a
1864 1196 1930 1229 Ln-

165 1249 254 1280 thero
279 1250 312 1280 et
335 1251 430 1279 sociis
455 1247 701 1288 reformatorum
729 1248 835 1281 tradet
861 1249 959 1280 semel
985 1249 1074 1280 bisve
1093 1260 1153 1291 per
1171 1248 1267 1280 hebd.
1290 1249 1319 1280 h.
1341 1259 1384 1281 ιν.
1447 1248 1490 1280 Π.
1520 1250 1667 1290 Systema
1698 1251 1931 1291 antiquitatum

164 1300 418 1332 christianornm
437 1304 467 1331 et
487 1302 791 1333 ecclesiasticarum.
813 1301 936 1332 ratione
956 1301 1062 1332 habita
1083 1301 1151 1332 libri
1172 1301 1237 1332 sui:
1266 1300 1341 1332 Die
1362 1300 1407 1332 ch
1420 1300 1522 1333 ristl.
1543 1301 1750 1333 kirchlich
1763 1312 1781 1332 e
1802 1301 1929 1333 Alter-

166 1351 448 1384 thumswissen
462 1352 601 1385 schaft
619 1361 780 1396 proponet
800 1354 846 1384 bis
866 1365 925 1396 per
944 1352 1037 1385 hebd.
1059 1353 1086 1384 h.
1110 1365 1149 1384 iv.
1188 1354 1249 1384 Ill.
1279 1351 1520 1392 Coafessicmem
1542 1356 1770 1396 Angustanam
1793 1354 1930 1385 aliamve

167 1407 361 1447 scripturam
382 1405 583 1445 systubolicam
603 1405 766 1436 sodalibus
784 1408 957 1437 smm'uarii
975 1406 1148 1447 theologici
1163 1404 1436 1447 interpretandam
1457 1404 1620 1436 exhibebit
1638 1405 1736 1436 semel
1757 1416 1817 1447 per
1836 1405 1929 1437 hebd.

167 1455 195 1487 h.
222 1466 278 1488 111.
335 1457 532 1488 Privatim
565 1457 617 1489 IV.
653 1460 798 1499 Systema
828 1460 912 1488 ritae
937 1458 1140 1489 christianae
1167 1457 1291 1488 ratione
1319 1457 1424 1488 habita
1451 1457 1522 1488 iibri
1548 1457 1612 1488 sui:
1648 1456 1723 1488 Die
1743 1457 1928 1489 wissen-

166 1506 299 1540 schaft
318 1508 389 1540 des
409 1508 681 1541 christlichen
702 1509 867 1541 Lebens
894 1509 994 1541 nach
1014 1507 1200 1553 ngriff,
1227 1509 1348 1540 Form
1370 1508 1447 1540 und
1468 1508 1844 1553 Nothwendigkeit
1869 1507 1927 1540 do-

167 1559 252 1592 cebit
268 1564 318 1591 ter
346 1572 404 1602 per
424 1560 516 1592 hebd.
546 1561 574 1592 h.
597 1574 637 1593 ix.

269 1611 480 1643 CAROLUS
516 1613 795 1645 FRtDERtCUS
833 1613 1003 1647 GAUPP.
1042 1612 1100 1644 Dr.
1127 1612 1165 1644 P.
1192 1612 1230 1644 P.
1257 1613 1298 1644 Ο.
1351 1612 1529 1645 Publice
1562 1613 1588 1645 Ι.
1625 1612 1929 1645 Exercitatvbm'bus

167 1662 354 1695 homiletiris
387 1664 416 1694 in
451 1665 620 1696 seminario
651 1665 742 1709 regio
769 1665 914 1708 practico
948 1676 1100 1708 praeesse
1126 1671 1245 1708 perget
1270 1664 1301 1696 d.
1328 1665 1427 1696 Merc.
1460 1664 1490 1696 h.
1517 1675 1594 1697 vm.
1652 1661 1854 1697 Privatim
1882 1665 1927 1700 Π.

169 1714 359 1758 Theologiae
376 1718 545 1757 practicae
558 1720 699 1758 primam
719 1721 749 1748 et
764 1720 893 1748 tertiam
909 1720 1039 1759 partem
1059 1717 1250 1760 (liturgicen
1271 1723 1303 1748 et
1317 1716 1498 1748 doctrinam
1513 1716 1555 1748 de
1575 1716 1732 1760 regimine
1751 1717 1928 1761 ecclesiae)

166 1765 273 1798 tradet
291 1769 393 1798 sexies
413 1779 471 1810 per
490 1767 583 1799 hebd.
610 1769 638 1801 b.
665 1781 722 1801 νιι.
781 1769 838 1800 lll.
866 1769 1038 1811 Epis-totas
1062 1769 1106 1800 ad
1126 1769 1312 1801 Corinthios
1337 1764 1600 1812 interpretabitur
1626 1767 1710 1800 dieb.
1732 1768 1814 1800 Lun.
1834 1769 1927 1802 Mart.

163 1817 234 1850 Ἰον.
255 1818 330 1850 Ven.
353 1819 379 1850 Ιι.
402 1831 476 1851 vlit.

268 1870 557 1903 FRANCtSCUS
586 1871 846 1904 LUDOVICUS
875 1872 1193 1912 STEINMEYER,
1232 1872 1347 1904 Theol.
1369 1872 1437 1904 Lic.
1458 1872 1495 1904 P.
1515 1872 1553 1904 P.
1573 1872 1614 1903 Ο.
1643 1870 1710 1903 des.
1748 1871 1926 1905 Publice

166 1921 192 1954 Ι.
218 1921 387 1964 Epistolas
414 1924 484 1953 ‹lie-i
508 1925 655 1965 Apostoli
680 1924 836 1956 Ioleamzis
862 1924 1035 1968 explicabit
1061 1925 1237 1968 praemissa
1255 1925 1395 1968 isagoge
1414 1925 1443 1955 in
1465 1923 1556 1955 huius
1573 1922 1720 1967 Apostoli
1739 1924 1859 1967 scripta
1879 1925 1926 1956 bis

166 1978 256 2005 terve
279 1985 339 2016 per
363 1973 456 2006 hebd.
484 1973 513 2006 h.
541 1986 601 2007 xil.
654 1975 696 2008 II.
725 1976 1029 2008 [exercitationibus
1054 1977 1245 2008 homileticis
1277 1979 1308 2008 et
1333 1976 1540 2008 catecleeticis
1572 1975 1602 2007 in
1633 1975 1806 2008 seminario
1830 1976 1924 2019 regio

166 2025 310 2067 practico
335 2037 487 2069 praeesse
513 2034 631 2071 perget
657 2028 703 2059 bis
722 2040 781 2071 per
800 2027 894 2060 hebd.
915 2028 943 2060 b.
965 2040 1026 2060 xii.
1082 2029 1143 2061 Ill.
1172 2029 1438 2061 Exercitationes
1457 2031 1641 2069 exegeticus
1661 2027 1758 2060 latino
1777 2038 1925 2060 sermone

166 2076 330 2109 instituere
348 2084 467 2121 perget
484 2079 582 2110 semel
601 2090 660 2121 per
678 2079 772 2112 hebd.
793 2080 820 2112 b.
841 2091 902 2112 ¹11.
958 2080 1154 2112 Privatim
1181 2080 1238 2112 IV.
1281 2081 1390 2112 Vitam
1410 2080 1547 2113 Domini
1569 2081 1676 2112 nostri
1697 2079 1772 2112 Iesu
1797 2079 1928 2111 Christi

167 2135 306 2170 exponet
326 2131 491 2173 quinquies
510 2142 569 2173 per
588 2130 681 2162 hebd.
702 2131 731 2162 h.
752 2143 796 2164 x1.

268 2180 420 2214 IULIUS
442 2181 768 2219 FERDINANDUS
800 2183 1050 2221 RAEBIGER.
1082 2183 1198 2216 Theol.
1224 2183 1295 2215 Lic.
1314 2183 1437 2215 Philos.
1460 2182 1518 2216 Dr.
1540 2182 1579 2215 P.
1597 2182 1637 2216 P.
1662 2182 1702 2216 E.
1751 2182 1923 2216 Publice

166 2230 192 2262 I.
230 2231 344 2264 Amase·
360 2236 515 2265 vaticinia
533 2235 794 2277 interpretabitur
812 2236 858 2267 bis
878 2247 936 2279 per
955 2235 1049 2268 hebd.
1070 2236 1099 2267 h.
1121 2247 1164 2268 tx.
1216 2235 1414 2268 Privatim
1442 2234 1485 2268 ΙΙ.
1513 2233 1811 2278 Encyclopaediam
1835 2235 1923 2268 theo-

169 2282 302 2325 logicam
322 2284 493 2327 explicabit
511 2292 624 2329 quater
642 2297 701 2328 per
719 2286 812 2318 hebd.
842 2287 870 2318 h.
893 2298 938 2320 rx.
975 2287 1035 2320 IH.
1063 2288 1237 2320 Historiae
1254 2288 1495 2319 ecclesiasticae
1507 2289 1640 2330 partem
1651 2289 1797 2330 priorem
1814 2286 1922 2320 tradet

169 2333 336 2377 quinquies
355 2347 413 2378 per
432 2336 524 2369 hebd.
545 2337 573 2369 h.
594 2347 671 2369 un.
