1968 2599
905 103 955 146 19

7 249 9 255 ⁴
40 215 149 245 coetus
166 223 260 244 sacer
290 213 458 253 Scipiones
477 211 689 252 Catonesque,
705 210 808 242 credo
828 210 921 253 quod
941 216 974 242 et
992 215 1192 242 structuram
1212 211 1396 242 sententiae
1412 212 1547 244 turbare
1564 212 1759 245 xidebantur
1778 220 1811 246 et

41 263 188 296 colorem
203 263 327 295 habere
343 262 571 300 christianum;
592 268 694 304 atque
709 273 775 305 ego
790 262 951 294 hactenus
966 262 1103 302 assensi,
1123 268 1158 293 ut
1173 262 1283 304 priora
1302 262 1374 293 itta:
1394 267 1524 305 esrcepil
1537 284 1587 289 —
1598 277 1692 296 sacer
1706 266 1810 298 inclu-

41 315 173 356 derem,
201 315 392 358 Scipionum
419 324 499 345 vero
527 314 760 356 Catonumque
786 314 917 345 nomina
943 314 1064 356 apponi
1091 313 1207 344 vellem
1233 313 1275 345 ad
1291 313 1414 354 felices
1433 318 1577 353 (mimas,
1602 327 1689 359 quae
1714 323 1810 349 antea

41 366 205 399 dicuntur.
260 367 359 399 Nunc
387 376 463 397 vero
491 364 586 396 aliter
612 371 743 404 statu03
770 376 844 396 nam
869 371 1068 396 structuram
1096 365 1230 407 quidem
1257 377 1455 408 quamquam
1482 367 1525 398 ita
1550 368 1713 399 turbatam
1734 380 1809 400 esse

38 418 155 457 video,
182 423 220 450 ut
237 429 279 450 ne
297 417 504 461 parenthesis
524 416 658 459 quidem
680 416 801 448 auxilio
828 423 920 448 recte
940 417 1064 460 corrigi
1083 417 1205 460 possit,
1233 428 1299 448 non
1325 424 1432 450 tamen
1453 417 1530 450 ideo
1552 419 1687 451 dixerim
1708 420 1808 451 verba

39 469 93 501 itta
126 469 300 501 abicienda
337 480 429 507 esse;
461 468 608 500 similiter
635 469 765 500 Seneca
798 474 926 512 septem
958 469 1124 511 sapientes
1157 468 1335 512 appellavit
1365 481 1494 501 sacrum
1526 471 1613 502 illam
1645 483 1809 503 numerum

39 521 136 565 epist.
157 522 217 561 90,
238 521 272 552 6.
293 526 326 552 et
345 519 387 551 de
407 520 564 563 Scipione
584 519 695 552 scribit
715 520 810 562 epist.
833 520 892 560 86,
916 521 945 552 1.
972 522 1113 551 am'mnm
1132 521 1258 562 quidem
1279 524 1349 552 eius
1368 524 1401 553 in
1420 522 1555 559 coelum,
1583 534 1624 553 esc
1643 534 1702 564 quo
1721 526 1806 562 erat,

39 573 163 605 redisse
180 572 361 614 persuadeo
380 572 483 610 milei}
502 571 545 603 de
561 572 690 603 Catone
706 583 784 603 vero
802 577 893 603 certe
908 582 973 603 non
993 572 1088 614 peius
1110 583 1183 603 eum
1204 572 1347 604 sensisse
1372 573 1587 605 certissimum
1605 580 1665 609 cst,
1685 575 1808 618 quippe

40 635 150 667 quem,
170 635 211 655 ne
226 623 305 655 alias
320 623 437 655 laudes
452 623 570 655 multas
586 624 733 663 afferam,
752 634 860 666 paene
875 634 976 666 supra
992 623 1159 666 exemplar
1174 635 1270 655 suum
1286 636 1360 656 esse
1374 625 1549 667 profitetur
1563 625 1650 656 Dial.
1668 626 1711 661 ΙΙ,
1728 628 1759 665 7,
1774 628 1805 658 l.

37 675 126 707 hunc
143 675 246 719 igitur
259 674 411 718 profecto
427 686 493 707 non
507 675 613 707 minus
629 686 726 717 quam
739 676 914 706 Socratem
934 674 1028 717 epist.
1051 676 1111 713 67,
1136 677 1152 706 7
1177 675 1289 707 dicere
1304 677 1411 718 potuit
1431 682 1507 718 post
1525 683 1664 708 mortem
1684 681 1716 708 in
1737 690 1805 709 coe-

38 728 102 759 lum
120 727 314 758 translatum
335 738 428 765 esse3
457 725 499 758 cf.
523 727 618 770 epist.
641 727 699 765 71,
724 728 780 758 16.
802 726 898 769 quid,
924 725 1016 769 quod
1042 726 1139 758 etiam
1163 726 1296 758 fratrem
1316 727 1447 770 Poly-bii
1475 727 1553 760 dicit
1577 731 1745 760 ende-uisse
1773 732 1807 761 in

38 789 108 811 eum
126 779 238 817 Iocum,
256 781 314 820 qui
325 779 448 810 solutas
461 779 600 810 vinculis
615 780 743 809 animas
757 778 849 810 beato
864 780 983 820 recipit
996 780 1081 814 sime,
1100 782 1131 810 et
1145 779 1212 809 illi(-
1227 779 1325 810 libere
1339 782 1465 821 vagari.
1481 779 1546 811 vid.
1557 779 1644 811 Diat.
1654 780 1714 819 XI,
1726 782 1758 818 9,
1771 782 1805 812 S.

39 829 263 866 Quamobrem
288 829 386 861 nolim
407 840 538 861 sacrum
556 829 646 861 illum
666 835 799 861 coetum
818 830 970 861 Senecae
997 829 1095 872 eripi3
1123 835 1156 861 at
1183 830 1340 862 orationis
1366 830 1610 863 cohaerentiam
1636 831 1806 874 quomodo

36 881 272 913 restituemus?
297 892 371 913 nam
389 880 482 924 quod
501 886 578 912 ante
599 881 639 913 F.
661 881 692 912 in
713 880 790 914 edd.
819 887 891 913 erat
909 884 1020 923 ntique
1040 900 1092 904 —
1110 882 1207 912 liberi
1222 893 1282 924 pro
1308 894 1349 913 co
1371 882 1462 924 quod
1487 883 1518 914 in
1538 883 1626 914 libris
1653 895 1728 915 mss,
1757 889 1808 915 est

38 935 185 975 interque
198 951 250 958 —
263 933 389 972 liberos,
407 932 441 964 id
457 932 592 964 dubium
606 944 672 964 non
689 938 739 964 est
753 933 831 975 quin
847 933 963 964 merito
979 939 1126 976 spretum
1141 933 1201 972 sit3
1224 945 1286 965 nec
1302 933 1405 965 credo
1422 934 1514 965 aliam
1531 934 1700 969 rationem.
1721 947 1807 977 quae

39 984 172 1028 quidem
190 984 368 1028 probabilis
387 984 440 1024 sit,
458 984 596 1028 reperiri
615 996 733 1027 posse;
754 996 858 1027 quare
878 996 957 1028 ego,
977 985 1011 1016 id
1032 984 1126 1027 quod
1145 985 1217 1027 ipsa
1236 991 1381 1017 structur
1396 997 1528 1017 avorum
1545 998 1619 1018 esse
1634 992 1805 1025 monstrat,

37 1035 283 1080 transponenda
301 1036 402 1068 verba
420 1036 467 1068 sic
486 1036 647 1076 existimo,
675 1042 711 1068 ut
729 1036 841 1080 legas:
869 1039 955 1068 inter
972 1036 1095 1077 felices
1121 1040 1226 1068 currit
1253 1041 1380 1068 animas
1405 1041 1551 1079 interque
1576 1042 1807 1080 contemptores

38 1091 126 1120 vitae
144 1091 176 1120 et
194 1091 306 1120 mortis
325 1088 481 1131 beneficio
500 1089 626 1120 liberos.
647 1090 776 1130 excepit
794 1089 883 1120 illum
902 1091 1009 1120 coetus
1028 1100 1132 1126 sacer,
1154 1090 1322 1131 Scipiones
1341 1091 1550 1131 Catonesque.
1576 1091 1702 1122 Parens
1721 1094 1807 1129 tems,

36 1139 184 1179 Marcia,
203 1141 269 1172 illic
282 1142 427 1181 nepotem
438 1140 746 1182 snum—adplicat
763 1141 836 1172 sibi.
851 1159 900 1164 —
919 1140 989 1172 Iam
1009 1139 1082 1172 vide
1102 1152 1199 1182 quam
1218 1140 1355 1184 pulchre
1376 1142 1481 1172 oratio
1501 1141 1680 1184 procedat:
1701 1141 1805 1185 primo

39 1191 185 1234 appellat
205 1191 369 1223 communi
387 1191 487 1223 laude
506 1191 620 1223 felices
639 1191 780 1232 animas,
808 1191 928 1224 deinde
956 1192 1064 1224 electo
1093 1192 1134 1223 de
1161 1192 1321 1224 industria
1347 1204 1411 1224 uno
1434 1193 1557 1224 virtutis
1580 1205 1706 1237 genere
1726 1205 1807 1225 con-

37 1248 220 1286 temptores
236 1243 322 1274 vitae
338 1248 371 1275 et
385 1243 497 1274 mortis
521 1243 683 1275 beneficio
704 1243 825 1275 liberos
847 1243 943 1283 dicit3
963 1250 1031 1276 tum
1051 1250 1183 1275 coetum
1203 1244 1292 1276 illum
1311 1256 1441 1276 sacrum
1462 1245 1600 1287 propriis
1622 1245 1806 1277 nominibus

37 1294 203 1338 significat
215 1294 389 1337 Scipiones
401 1295 614 1338 Catonesque
630 1306 827 1335 memorans,
849 1295 993 1338 denique
1013 1295 1054 1327 ad
1071 1296 1177 1338 ipsum
1188 1296 1332 1328 Marciae
1348 1302 1473 1339 patrem
1490 1297 1649 1339 pervenitq
1666 1297 1696 1328 in
1712 1297 1806 1328 cuius

36 1345 271 1378 recordatione
291 1351 325 1378 et
344 1347 495 1378 oratione
515 1347 682 1390 aptissime
703 1353 792 1379 totus
812 1347 896 1379 liber
914 1347 1034 1379 finitur.
1079 1349 1127 1379 Ac
1146 1359 1188 1379 ne
1207 1348 1280 1390 quis
1301 1347 1343 1379 de
1362 1349 1618 1391 transpositione
1638 1349 1691 1379 itta
1711 1348 1806 1380 dubi-

36 1402 96 1438 tet,
116 1397 205 1429 addo
221 1398 326 1437 aliam,
347 1409 433 1441 quae
451 1399 564 1430 nescio
580 1410 647 1442 quo
667 1410 747 1430 casu
767 1399 797 1430 in
815 1399 931 1431 eadem
951 1400 1073 1443 pagina
1089 1399 1208 1431 accidit
1227 1404 1250 1441 §
1271 1398 1305 1432 ⁵2.
1327 1411 1434 1442 eaque
1454 1401 1549 1431 etiam
1569 1400 1707 1435 certior:
1734 1400 1806 1442 quis

38 1449 122 1481 enim
137 1448 223 1481 serat
237 1461 340 1481 voces
355 1450 425 1481 illas
445 1453 535 1481 int-at
551 1454 635 1482 enim
650 1469 698 1474 —
714 1453 876 1492 respicere
892 1450 1073 1483 collocatas
1089 1457 1165 1494 post
1180 1453 1306 1483 aciem?
1325 1451 1417 1494 quod
1433 1451 1676 1483 incommodum
1692 1452 1805 1483 nescio

37 1512 115 1532 num
133 1500 175 1532 F.
196 1500 375 1533 crediderit
395 1501 504 1544 aliquo
525 1502 624 1534 modo
648 1503 798 1534 excusari
817 1514 937 1546 posse;
966 1509 1057 1535 certe
1086 1515 1151 1534 non
1180 1503 1394 1535 crediderunt
1412 1504 1572 1535 Erasmus
1598 1509 1631 1535 et
1656 1504 1712 1546 qui
1732 1515 1807 1535 eum

38 1552 144 1584 secuti
172 1558 249 1584 sunt
275 1552 420 1584 editores
448 1564 579 1590 omnes:
605 1554 809 1596 scripserunt
837 1555 921 1586 enim
949 1554 1012 1586 sic:
1035 1558 1227 1596 permittere
1247 1558 1349 1586 aciem
1369 1558 1459 1586 iurat
1481 1581 1486 1586 .
1507 1555 1646 1586 delectat
1664 1558 1746 1586 enlm
1766 1567 1807 1586 erc

37 1605 103 1636 alto
121 1605 237 1635 relicta
257 1607 429 1646 respicere.
460 1604 519 1636 sed
538 1605 629 1636 verbi
654 1605 740 1637 iltius
759 1606 900 1638 delectat
927 1606 957 1638 in
978 1605 1078 1638 codd.
1100 1618 1176 1637 mss.
1199 1618 1259 1638 nec
1278 1607 1352 1638 vola
1373 1619 1434 1638 nec
1453 1607 1644 1649 vestigium:
1672 1612 1704 1637 et
1727 1618 1804 1638 vero

39 1655 66 1687 si
84 1655 118 1687 id
133 1655 184 1687 vel
200 1656 323 1698 optime
344 1667 362 1687 a
380 1656 470 1688 libris
483 1657 643 1689 munitum
663 1662 764 1697 esset,
787 1657 885 1700 plane
904 1664 1013 1690 tamen
1033 1669 1209 1701 perversus
1231 1664 1264 1690 et
1283 1658 1495 1690 intolerabilis
1517 1658 1653 1689 deberet
1673 1665 1806 1689 senten-

0 1729 1 1733 =
38 1707 155 1739 tiarum
176 1707 260 1739 ordo
280 1707 401 1749 videri;
430 1720 530 1740 causa
550 1709 653 1748 enim,
682 1720 741 1740 cur
760 1710 952 1742 domesticus
971 1710 1133 1753 interpres
1153 1716 1286 1753 praeter
1304 1716 1437 1742 ceteros
1456 1716 1571 1753 gratus
1591 1709 1644 1746 sit,
1663 1709 1806 1741 indicata

37 1758 91 1790 itta
110 1770 169 1802 per
186 1761 270 1790 enim
288 1759 494 1802 particulam,
515 1761 546 1791 in
566 1772 606 1792 eo
626 1761 734 1804 posita
754 1766 816 1801 est,
838 1761 929 1804 quod
948 1763 1063 1793 relicta
1083 1762 1264 1804 respiciunt
1285 1762 1412 1794 animae
1432 1761 1556 1795 felices.
1577 1761 1700 1805 quippe
1719 1773 1806 1804 quae

0 1815 1 1840 ζ
38 1821 112 1842 cum
132 1810 317 1843 domestico
337 1811 392 1843 ilto
412 1812 593 1855 interprete
612 1813 798 1844 communia
817 1813 1022 1852 habuerunt;
1052 1813 1085 1845 id
1105 1820 1215 1845 autem
1234 1814 1340 1845 minus
1361 1813 1448 1846 cadit
1468 1814 1497 1845 in
1515 1813 1682 1855 profunda
1704 1816 1808 1844 terra-

37 1873 118 1901 rum,
133 1873 220 1905 quae
237 1862 279 1895 ad
294 1863 554 1906 amplificandam
569 1856 763 1896 sententiam
779 1864 908 1897 adiecta
924 1865 1142 1897 domesticum
1158 1866 1372 1908 interpretem
1387 1877 1451 1897 non
1470 1864 1673 1905 desiderant,
1684 1865 1807 1907 quippe

39 1912 82 1945 ad
98 1925 184 1956 quae
203 1915 416 1947 monstranda
436 1916 539 1958 quivis
559 1915 641 1948 alius
660 1916 823 1959 interpres
843 1916 984 1949 idoneus
1005 1922 1086 1949 erat.
1116 1918 1229 1953 Quare
1248 1917 1296 1949 sic
1314 1917 1367 1950 ille
1387 1918 1480 1949 locus
1501 1915 1718 1949 collocandus
1738 1924 1806 1947 est:

37 1965 230 1997 domesticus
248 1968 419 2008 interpres.
448 1970 539 1999 iuvat
564 1970 647 1999 enim
666 1980 708 2000 em
727 1970 792 2000 allo
820 1970 935 2001 relicta
955 1972 1118 2011 respicere
1137 1972 1170 2000 et
1188 1972 1221 2000 in
1244 1969 1414 2011 profunda
1440 1973 1602 2000 terrarum
1618 1970 1809 2010 permittere

38 2019 150 2049 aciem.
205 2018 260 2049 Sic
279 2020 398 2060 itaque.
430 2038 473 2042 —-
513 2015 596 2051 ibid.
619 2022 641 2059 §
661 2017 695 2052 3.
733 2021 883 2052 erubesce
902 2024 1072 2062 qm'cquam
1091 2021 1210 2052 humile
1230 2024 1289 2052 aut
1305 2022 1435 2063 volgare
1455 2019 1598 2061 [facere]
1619 2022 1651 2051 et
1669 2022 1810 2051 mutatos

39 2071 72 2100 in
100 2069 212 2100 melius
240 2071 311 2100 tuos
330 2071 429 2113 flere]
492 2070 639 2103 Verbum
673 2070 754 2103 illud
779 2071 899 2112 facere
924 2072 1025 2104 miror
1060 2071 1152 2114 quod
1178 2073 1368 2115 superiores
1394 2072 1540 2103 editores
1568 2071 1685 2102 abesse
1713 2070 1810 2102 facile

38 2119 127 2163 pasci
159 2125 251 2157 sunt:
288 2132 354 2164 ego
391 2133 456 2164 qua
491 2121 525 2153 id
558 2123 686 2154 ratione
723 2123 842 2155 abesse
879 2124 983 2166 possit
1018 2135 1082 2155 non
1118 2123 1268 2166 reperio;
1308 2130 1454 2156 ceterum
1489 2122 1576 2154 idem
1613 2123 1643 2154 in
1679 2122 1810 2165 optimis

38 2170 138 2203 codd.
173 2171 296 2204 excidit
327 2172 412 2205 Diat.
442 2173 518 2213 VII,
555 2175 611 2213 11,
643 2176 673 2206 1.
709 2175 740 2206 in
778 2176 941 2207 sententia
976 2174 1046 2206 itta.-
1089 2187 1159 2207 cum
1194 2176 1266 2207 dico
1301 2188 1348 2207 me
1382 2176 1468 2207 m‘la'l
1499 2175 1675 2216 voluptatis
1709 2185 1811 2205 causa

30 2221 161 2263 facere.
195 2242 243 2247 —
297 2223 335 2255 In
372 2230 519 2257 extremo
561 2226 669 2268 capite
712 2226 845 2270 scripsi:
895 2230 1044 2260 {ramnes
1085 2229 1223 2258 omnium
1252 2229 1367 2269 plani.
1413 2227 1489 2269 quia
1523 2228 1661 2257 omnium
1696 2231 1747 2257 est
1780 2225 1812 2256 in

39 2272 139 2306 codd.
175 2279 209 2306 et
242 2274 396 2308 videntur
435 2276 481 2308 sic
517 2277 581 2309 dici
615 2289 716 2320 posse
751 2279 898 2310 tramites
939 2279 969 2310 in
1007 2279 1114 2310 omnia
1150 2278 1311 2311 ducentes
1339 2278 1390 2310 vel
1424 2289 1508 2321 quos
1538 2277 1645 2309 omnia
1672 2277 1812 2316 habent;
