1968 2599
904 146 947 188 11

41 264 94 291 tur
112 259 274 297 mulieris,
301 256 393 299 quod
420 262 471 288 est
491 255 622 287 duobus
643 255 737 287 simul
759 255 925 287 erroribus
947 254 1007 286 sed
1028 255 1063 286 iis
1084 254 1263 286 admodum
1284 255 1474 298 vulgaribus
1495 262 1705 300 cor1·uptum;
1734 269 1809 290 nam

37 311 176 354 primum
196 321 270 342 cum
291 320 392 352 saepe
412 313 642 351 permutentur
661 310 689 338 is
710 313 743 339 et
762 308 833 339 ibus
854 306 1113 344 terminationes,
1139 306 1271 338 videtur
1296 307 1372 338 olim
1398 307 1533 350 simplici
1555 309 1630 340 vitio
1651 309 1808 352 scripturn

39 374 112 394 esse
132 362 330 398 mulieribus,
356 360 389 392 id
409 359 501 402 quod
520 359 641 391 habent
662 359 762 390 codd.
782 360 813 391 D
843 365 875 391 et
894 359 1164 401 Bongarsianus3
1190 359 1338 390 similiter
1364 359 1394 390 in
1416 359 1492 391 cod.
1512 361 1629 392 Bamb.
1650 361 1809 405 scriptum

39 420 90 447 est
109 417 141 446 in
161 414 251 445 collis
270 424 330 456 pro
351 415 384 444 in
403 412 535 443 collibus
555 412 650 454 epist.
677 413 765 448 104,
795 412 853 443 33.
883 416 915 442 et
941 416 1058 442 contra
1077 411 1107 442 in
1130 410 1248 443 eodem
1277 423 1329 454 ep.
1355 412 1421 443 121
1435 436 1443 444 .
1464 413 1497 443 9.
1525 414 1808 446 constitutionibus

36 477 137 504 suam
168 466 244 497 item
263 465 294 497 in
315 463 390 496 cod.
410 464 516 495 Paris.
539 464 577 495 Ρ.
598 463 693 506 epist.
716 464 775 499 86,
800 464 856 495 18.
878 462 1047 494 arboribus
1074 474 1134 505 pro
1162 464 1312 502 arboris‚·
1348 463 1379 494 in
1399 462 1475 495 cod.
1496 464 1601 496 Paris.
1622 478 1654 508 p.
1675 468 1808 498 {errori-

37 518 95 550 bus
114 517 210 561 epist.
235 519 292 557 14,
314 517 334 548 3
355 528 415 559 pro
437 518 594 551 lerroris:
623 516 718 558 epist.
741 516 800 546 64.
823 517 837 545 ἶ
869 516 1018 556 operibns
1043 526 1109 557 pro
1136 518 1265 557 operis;
1302 526 1366 558 qua
1393 514 1434 547 de
1461 527 1561 547 causa
1587 517 1681 559 epist.
1703 519 1763 558 60,
1784 520 1805 550 2

37 582 101 602 non
121 569 234 612 recepi
253 567 343 611 quod
363 568 449 600 idem
471 568 579 600 codex
599 567 698 599 habet
717 567 953 608 elephantibus.
973 567 1166 610 praesertim
1187 579 1260 599 cum
1281 574 1441 610 sequatur
1470 579 1530 599 vox
1559 569 1675 601 eadem
1697 571 1806 602 termi-

37 621 170 654 natione
184 622 344 663 pluribus.
382 619 516 652 Deinde
537 631 613 651 vero
634 620 820 650 mulieribus
841 619 946 650 altero
968 630 1080 650 errore
1102 625 1211 650 natum
1235 632 1273 651 cx
1295 620 1511 652 71111l1‘ebr2'bns.
1530 621 1625 652 sicuti
1642 622 1727 654 Dial.
1745 622 1804 663 IV,

38 675 98 710 35,
124 675 136 705 l
161 674 191 704 in
213 672 288 705 cod.
310 675 337 704 A
357 673 516 715 scriptum
536 671 757 712 estsmaeeres.
784 683 849 714 ego
880 671 1010 702 correxi
1027 670 1198 711 simachus.
1226 691 1273 696 -—«
1303 667 1386 704 ibid.
1408 674 1430 710 ,ξ
1450 669 1486 704 3.
1515 675 1546 704 et
1564 674 1679 705 Caium
1698 676 1805 707 Grac-

35 727 139 766 chum]
169 726 299 758 Nomen
320 725 505 757 Gracchum
530 736 595 755 non
622 724 739 755 iterum
766 730 893 766 ponunt
921 723 1011 759 edd..
1039 722 1130 765 quod
1159 730 1192 754 ut
1219 730 1269 754 est
1296 724 1325 755 in
1353 723 1452 755 codd.
1474 725 1732 765 recentioribus,
1760 726 1806 758 ita

37 777 133 809 etiam
152 778 184 808 in
204 776 280 808 cod.
301 778 339 808 A.
361 776 462 808 fuisse
482 788 521 808 ex
545 788 584 807 eo
606 775 792 819 colligitur,
820 775 911 818 quod
931 775 973 806 ibi
995 774 1115 806 desunt
1136 787 1234 806 voces
1255 779 1286 807 el
1305 777 1421 808 Caium
1441 777 1648 815 Gracchum,·
1679 778 1805 810 scilicet

37 841 136 861 causa
157 828 327 860 omittendi
348 829 455 871 posita
476 835 525 860 est
544 828 574 859 in
595 828 665 870 ipsa
692 827 839 859 eiusdem
868 827 1006 859 nominis
1033 827 1219 858 iteratione.
1248 847 1299 851 ——
1335 823 1417 860 ibid.
1440 831 1462 867 ,ὃ
1482 825 1516 860 5.
1544 834 1619 871 post
1645 832 1804 862 continuit

35 881 284 913 conuenientius
305 881 379 912 mihi
400 880 500 912 visum
531 887 580 912 est
605 879 835 923 interrogandi
862 880 993 923 signum
1015 891 1151 922 ponere.
1184 898 1227 902 —
1263 876 1346 912 ibid.
1369 883 1390 918 ᾗ·
1411 878 1445 911 7.
1475 881 1520 911 ad
1544 880 1662 913 damno
1688 882 1803 925 scripsi

37 944 76 964 ex
104 933 179 965 cod.
203 935 238 964 A.
260 944 319 976 pro
346 932 435 976 vulg.
462 935 494 964 in
522 933 652 963 damna.
679 951 728 955 —
765 928 849 964 ibid.
871 935 892 970 ,ξ
913 930 948 963 S.
978 931 1100 963 rectius
1127 937 1207 974 puto
1235 931 1399 963 scribatur
1417 933 1510 975 euple
1530 936 1561 964 el
1580 945 1685 973 mmm,
1711 934 1803 977 quod

35 984 135 1017 babet
154 987 178 1017 A
200 997 218 1016 a
236 996 304 1016 see.
325 996 434 1022 manu,
456 996 528 1016 cum
551 990 647 1016 antea
667 983 784 1015 suisset
802 985 911 1026 explet
931 996 1026 1015 mmm
1041 996 1052 1018 ,·
1089 989 1122 1015 et
1140 983 1240 1026 paulo
1262 990 1338 1026 post
1358 983 1461 1015 malim
1483 987 1623 1017 saer-iret
1649 997 1708 1028 pro
1731 997 1803 1018 sae-

33 1040 140 1071 vierit.
159 1048 356 1079 quamquam
375 1036 409 1068 id
429 1048 468 1068 ex
490 1048 554 1068 uno
575 1042 701 1068 tantum
721 1035 797 1067 cod.
818 1048 842 1079 g
861 1042 1022 1067 notatum.
1042 1055 1093 1059 ——
1130 1032 1246 1069 CAP.
1263 1032 1387 1071 XVIl,
1408 1034 1442 1068 3.
1471 1039 1538 1068 sice
1557 1040 1663 1079 ipsum
1684 1041 1716 1069 2'11
1737 1041 1802 1070 ler-

34 1090 232 1132 relsflumen]
262 1090 306 1120 ita
326 1101 344 1120 c
364 1088 556 1131 conjectura
576 1088 691 1131 scripsi
712 1087 840 1119 duabus
862 1088 997 1119 vocibus
1019 1088 1245 1130 transpositis3
1284 1088 1314 1119 in
1342 1087 1441 1119 codd.
1470 1088 1553 1119 enim
1581 1095 1647 1121 est:
1682 1093 1749 1122 sive
1767 1093 1802 1122 in

35 1144 140 1183 ipsum
159 1143 309 1184 lerrl'sfl.
331 1140 418 1172 unde
438 1141 479 1172 F.
501 1139 621 1172 edidit:
641 1143 708 1171 sire
727 1140 762 1171 id
781 1143 886 1181 ipsum
906 1143 1058 1183 lerrixy‘i.
1081 1139 1131 1170 alii
1152 1139 1264 1178 aliter;
1295 1152 1359 1183 ego
1381 1140 1526 1171 nondum
1546 1148 1695 1173 sanatum
1715 1141 1801 1174 hunc

35 1193 142 1225 locum
163 1193 315 1224 arbitror.
336 1212 387 1217 —
406 1189 488 1225 ibid.
510 1196 532 1231 ὃ
552 1190 586 1225 6.
608 1192 779 1223 incidissel
798 1192 938 1224 restitui.
961 1203 1158 1234 quamquam
1179 1192 1209 1223 in
1226 1194 1264 1223 A.
1282 1198 1332 1223 est
1352 1193 1464 1224 incidi.
1486 1192 1548 1223 uid.
1572 1193 1633 1224 vol.
1651 1193 1678 1224 I.
1695 1193 1800 1236 praef.

35 1256 113 1288 pag.
134 1245 209 1277 VII.
231 1251 313 1277 extr.
343 1244 449 1276 Paulo
470 1250 546 1287 post
565 1244 606 1276 F.
628 1243 762 1276 codices
790 1256 934 1286 sequens
955 1244 1001 1276 sic
1021 1244 1168 1287 scripsit:
1195 1247 1229 1275 lu
1248 1245 1384 1286 sz'filios
1403 1246 1725 1287 s11s121ler135.]10ter2's
1743 1246 1802 1278 ha-

34 1296 291 1336 bcrefiwmnsos,
309 1300 340 1328 (Ἰ
359 1295 519 1336 deformes
535 1295 830 1338 poleri.s·s‹1rlas.s·r¹.
868 1297 963 1328 mulli
979 1300 1175 1328 uascenlma·
1200 1309 1268 1328 esse
1288 1297 1407 1338 aliquis
1426 1309 1467 1327 err
1486 1298 1551 1328 illis
1570 1300 1635 1328 lom
1655 1301 1801 1330 servator

29 1351 165 1391 patriae
183 1360 278 1390 quam
293 1349 442 1391 prmle'lm·
459 1352 592 1390 polerit.
624 1348 656 1379 id
685 1348 730 1380 sic
757 1349 890 1380 tolerari
916 1360 981 1380 non
1007 1349 1131 1390 potuit;
1158 1347 1236 1380 facit
1262 1348 1345 1380 enim
1367 1349 1497 1380 Seneca
1522 1349 1624 1392 ipsam
1651 1356 1800 1382 naturam

35 1400 236 1443 loquentem,
258 1412 343 1443 quae
364 1412 461 1443 quam
481 1412 603 1444 anceps
624 1401 664 1432 sit
685 1401 827 1432 omnium
847 1401 1031 1444 parentium
1052 1401 1082 1432 in
1104 1400 1212 1431 liberis
1232 1400 1447 1443 procreandis
1469 1400 1615 1432 conditio
1640 1402 1798 1444 explicat;

35 1464 138 1495 quare
158 1452 228 1484 fieri
248 1465 313 1484 non
333 1459 460 1496 potest.
489 1459 524 1484 ut
550 1459 641 1484 recte
668 1452 812 1484 babeant
838 1453 936 1484 verba
961 1452 1029 1484 illa:
1056 1454 1152 1483 mulli
1168 1456 1360 1490 uase-enlm,
1388 1452 1462 1495 quia
1485 1453 1566 1484 lilios
1588 1453 1707 1486 multos
1727 1453 1799 1486 fore

36 1515 99 1536 non
120 1505 241 1536 certius
262 1510 313 1536 est
332 1516 428 1547 quam
448 1503 631 1543 formosos;
659 1511 692 1536 et
717 1506 747 1536 in
775 1504 996 1536 antecedente
1023 1504 1187 1536 sententia
1207 1503 1240 1535 id
1269 1504 1360 1547 quod
1380 1505 1450 1536 lieri
1471 1511 1600 1547 potest.
1628 1506 1706 1537 satis
1725 1506 1797 1549 ipso

37 1556 136 1587 »erbo
151 1559 277 1598 puteris
296 1556 516 1600 significatum
536 1563 598 1595 est,
620 1563 655 1588 ut
672 1557 812 1588 moleste
831 1557 918 1588 seras
939 1557 1032 1600 quasi
1058 1557 1088 1588 in
1110 1556 1276 1588 cumulum
1295 1556 1459 1588 accedere
1479 1557 1591 1588 ultimo
1613 1556 1687 1589 loco
1708 1557 1799 1590 adie—

35 1608 295 1648 ctumfortasse.
335 1608 436 1644 Quod
456 1614 564 1640 nutem
586 1615 661 1640 anu·
682 1608 722 1640 F.
745 1608 844 1652 vulgo
864 1609 1057 1651 legebatur:
1075 1611 1198 1651 poleris
1217 1611 1248 1640 ol
1267 1608 1427 1648 deformes
1436 1624 1447 1639 .·
1474 1612 1505 1640 (st
1530 1611 1562 1639 se*
1577 1608 1721 1646 fortasse
1739 1610 1802 1642 tibi

36 1661 330 1692 muninus-centur.
350 1673 415 1692 esse
437 1672 478 1692 ea·
497 1661 563 1692 illis
581 1680 648 1692 -Α,
687 1660 719 1691 id
740 1672 849 1703 neque
870 1672 887 1692 a
907 1660 994 1692 libris
1014 1672 1090 1692 mss.
1111 1659 1308 1704 praesidium
1330 1660 1430 1692 habet
1456 1666 1489 1692 et
1516 1660 1744 1693 difficultatem
1762 1667 1800 1694 ut

38 1712 142 1744 verbis
162 1712 262 1755 tegit,
291 1712 335 1743 ita
354 1723 389 1744 re
409 1713 478 1755 ipsa
498 1718 618 1756 auget3
657 1724 716 1744 cur
738 1713 822 1744 enim
843 1714 1004 1744 Senecam
1029 1712 1114 1744 hanc
1140 1711 1363 1744 conditionem
1391 1724 1516 1755 ponere
1543 1712 1737 1753 credamus,
1762 1719 1800 1745 ut

36 1763 156 1795 multos
176 1764 263 1796 nasci
284 1764 368 1796 lilios
390 1764 488 1804 dicat,
508 1776 582 1796 cum
601 1765 707 1808 possit
726 1766 821 1796 etiam
843 1777 860 1796 e
882 1764 1013 1796 duobus
1034 1765 1116 1796 alter
1135 1770 1285 1796 servator
1304 1764 1428 1808 patriae
1450 1764 1603 1800 existere,
1624 1765 1707 1797 alter
1720 1777 1798 1809 pro-

37 1814 146 1847 ditor?
171 1828 232 1848 nec
251 1816 363 1859 plures
385 1817 508 1848 Marcia
528 1817 697 1848 habuerat.
736 1817 960 1853 Quamobrem
981 1816 1152 1848 fatendum
1173 1822 1224 1848 est
1242 1816 1380 1849 haerere
1406 1816 1514 1848 adbuc
1541 1817 1650 1848 xitium
1675 1817 1707 1849 in
1734 1817 1797 1849 hoc

36 1867 123 1907 loco,
142 1867 233 1910 quod
254 1868 351 1911 quale
370 1868 410 1899 sit
426 1869 504 1900 satis
523 1868 646 1901 indicat
666 1868 899 1909 voxsorlasse.
920 1880 1015 1911 quam
1037 1870 1202 1900 Gruterus
1223 1868 1428 1906 abiciendam
1454 1868 1620 1906 iudicaxit,
1648 1869 1799 1912 plerique

36 1918 243 1952 incommode
262 1926 390 1963 ponunt
410 1927 485 1963 post
503 1924 543 1951 si.
563 1932 628 1963 quo
650 1920 723 1952 loco
745 1922 874 1953 Seneca
893 1933 1001 1964 aeque
1021 1927 1121 1963 atque
1142 1919 1297 1960 aliisarle
1316 1932 1442 1964 ponere
1461 1920 1566 1959 solet;
1594 1932 1668 1952 cum
1687 1926 1798 1953 autem

27 1970 178 2010 sortasse
197 1984 259 2003 vox
278 1972 310 2003 id
331 1972 422 2015 quod
450 1972 520 2004 lieri
546 1978 656 2015 potest
686 1973 869 2016 significet.
897 1973 1056 2012 eflicitur,
1086 1979 1121 2004 ut
1139 1972 1191 2003 illa
1212 1984 1347 2015 quoque
1367 1973 1530 2004 sententia
1550 1972 1703 2015 bipertita
1723 1984 1797 2005 esse

37 2022 159 2054 debeat
177 2024 271 2055 sicuti
291 2024 448 2067 reliquae.
468 2025 586 2067 quibus
606 2025 777 2056 interiecta
798 2031 866 2063 est;
894 2024 1038 2067 denique
1065 2025 1218 2067 quoniam
1239 2024 1386 2056 videmus
1407 2030 1525 2067 quater
1542 2035 1595 2056 res
1616 2024 1796 2057 contrarias

37 2075 201 2118 componi,
222 2087 307 2117 quae
326 2077 397 2107 fieri
417 2077 539 2119 pariter
558 2083 708 2120 possunt,
729 2083 828 2119 prout
847 2076 979 2109 fortuna
1000 2076 1127 2108 diversa
1147 2082 1198 2108 est
1216 2076 1247 2108 in
1268 2076 1407 2108 filiorum
1429 2075 1545 2115 forma,
1566 2076 1649 2108 civili
1664 2077 1796 2117 virtute,

38 2125 240 2169 dignatione,
259 2133 379 2165 aetate,
398 2128 485 2160 idem
505 2129 601 2160 etiam
622 2129 651 2160 iu
673 2141 787 2160 eorum
808 2141 977 2161 numerum
999 2128 1120 2160 cadere
1141 2135 1400 2160 consentaneum
1421 2134 1490 2168 est;
1517 2128 1629 2170 itaque
1655 2129 1725 2172 ipsa
1744 2140 1798 2161 re-

37 2188 107 2209 rum
126 2179 323 2211 necessitate
342 2179 372 2210 in
392 2180 474 2212 banc
495 2179 720 2223 conjecturam
742 2181 892 2213 ducimur
912 2188 947 2213 ut
965 2180 1178 2212 scribendum
1200 2180 1401 2221 sitsoriasse
1415 2179 1688 2222 poucegsortasse
1706 2182 1801 2213 mulli

36 2234 220 2262 noscentur.
241 2232 418 2274 vitiumque
439 2240 545 2264 ortum
565 2233 716 2264 videatur
736 2245 801 2276 quo
823 2233 909 2265 solet
927 2232 1027 2264 modo
1048 2234 1079 2264 in
1100 2230 1249 2274 ejusdem
1271 2232 1358 2264 nocis
1378 2232 1564 2264 iteratione.
1587 2251 1637 2256 -—
1664 2231 1797 2265 Deinde

37 2280 125 2313 haud
143 2282 358 2326 improbabile
377 2290 428 2316 est
446 2285 536 2327 quod
557 2284 677 2316 babent
697 2284 832 2317 codices
857 2285 990 2328 quidam
1016 2287 1048 2316 in
1069 2287 1174 2327 ignem
1196 2287 1347 2327 positura
1372 2295 1432 2327 pro
1459 2295 1499 2316 eo
1527 2284 1619 2327 quod
1645 2291 1695 2317 est
1719 2285 1750 2316 in
1770 2285 1795 2316 A

38 2338 71 2365 et
91 2333 221 2366 duobus
241 2335 309 2368 aliis
329 2338 362 2368 in
383 2339 457 2379 igne
476 2339 682 2380 inposilurffi·
711 2337 753 2370 cs.
774 2337 862 2370 Dial.
883 2338 922 2376 V,
943 2337 1001 2377 23,
1022 2337 1055 2369 6.
1076 2355 1126 2360 -
1155 2332 1270 2371 CAP.
1288 2332 1431 2379 XVIII,
1454 2333 1486 2370 l.
1507 2337 1560 2369 Ad
1576 2337 1663 2370 hanc
1682 2339 1798 2380 imagi-

1509 2397 1556 2427 20¹
