1968 2599
882 141 931 184 15

19 259 52 288 iu
73 265 271 299 quamquam
290 253 390 285 habet
409 252 484 284 cod.
506 254 543 283 A.
565 262 639 283 cum
660 251 741 287 aliis,
763 257 854 283 recte
874 249 1066 282 abiecerunt
1087 249 1233 281 editores
1253 256 1386 292 praeter
1404 249 1443 281 F.
1468 262 1599 288 omnes;
1620 263 1728 293 neque
1748 263 1788 284 ea

20 308 85 340 ulla
104 307 233 339 ratione
253 304 388 338 defendi
407 310 465 336 aut
484 304 635 336 excusari
653 308 785 346 potest;
820 302 861 334 cs.
883 303 978 345 epist.
1002 303 1061 336 99.
1089 304 1142 334 10.
1174 302 1231 333 hoc
1250 303 1334 343 quod
1352 305 1491 333 aelalem
1512 315 1658 334 muamus
1677 305 1784 336 umna-

18 371 110 399 uam,
129 369 282 401 compara
302 360 472 390 immenso.-
504 356 640 395 videbis,
658 368 753 397 quum
772 358 924 395 exiguum
948 357 1008 385 sit.
1034 355 1119 395 quod
1141 357 1307 396 optamus,
1333 354 1417 395 quod
1439 356 1650 387 extendimus.
1688 356 1784 399 epist.

21 414 80 449 77,
102 412 158 442 12.
197 411 237 442 In
255 411 314 441 hoc
328 411 450 451 puncto
468 411 631 440 coniectus
649 420 693 441 es.
712 407 796 449 quud
815 410 850 437 ut
868 406 1037 438 extendas.
1055 418 1216 448 quousque
1235 406 1414 438 eoeleudes?
1453 412 1486 438 et
1505 407 1651 439 similiter
1670 413 1784 440 exten·

21 462 120 495 dendi
141 462 275 494 verbum
294 472 395 504 saepe
415 460 490 492 alibi
511 460 648 499 dicitur;
670 459 732 491 vid.
754 459 850 501 epist.
876 459 959 494 110.
981 460 1014 489 4.
1041 460 1122 493 122.
1145 459 1178 490 3.
1207 459 1294 490 Dial.
1316 459 1359 495 X.
1384 460 1440 494 15.
1462 461 1495 490 4.
1516 477 1566 482 -—
1605 456 1691 492 [hid.
1709 462 1732 499 ,ς
1748 457 1783 493 3.

18 516 116 548 Licet
135 515 218 546 milti
232 516 359 545 ve‘vaces
377 515 411 544 et
429 515 461 544 iu
483 515 663 544 memoriane
685 512 830 543 traditae
849 513 1025 542 senet-lutis
1049 514 1134 542 viros
1161 514 1315 551 nomines]
1346 510 1430 542 Nihil
1455 511 1595 543 ieiunius
1623 511 1785 555 scriptura

17 566 173 611 vulgata:
192 567 289 598 Licet
308 566 391 597 milei
405 576 510 605 vaces,
531 564 571 596 ad
593 575 691 607 quam
710 563 830 595 nollem
850 562 992 594 redisset
1010 562 1206 596 Fickertus.
1234 569 1409 605 postquam
1435 564 1606 607 egregiam
1634 564 1731 606 plane
1750 570 1784 596 et

16 618 202 651 facillimam
221 616 485 649 emendationem
506 616 717 660 Ruhkopfius
737 615 875 659 protulit
894 627 912 646 e
932 614 1035 657 Lipsii
1055 620 1091 646 nt
1112 615 1156 646 ait
1175 614 1310 653 codice.
1339 615 1522 658 digniorem
1541 615 1627 646 illam
1648 616 1781 659 ingenio

17 671 133 714 Lipsii.
152 673 302 707 m'vaces,·
329 669 476 701 faciliore
497 669 673 700 occasione
699 667 796 711 periit
821 668 850 698 in
877 678 960 698 voce
984 669 1052 698 rivi
1075 667 1165 709 prior
1184 667 1308 709 syllaba
1329 667 1415 699 Dial.
1436 667 1499 704 III,
1521 670 1555 700 (i.
1578 670 1610 698 4.
1648 669 1696 699 Ac
1713 668 1782 700 for-

18 729 107 755 tasse
125 722 248 754 rectius
267 721 391 753 scribas
410 724 555 757 circeis:
583 720 624 752 cs.
646 721 725 752 sen.
748 720 831 752 Tro.
853 721 912 750 49.
942 719 1001 751 sed
1029 719 1079 750 vel
1107 719 1154 750 sic
1181 718 1210 750 in
1239 723 1270 750 el
1297 719 1456 762 particula
1483 730 1541 752 cur
1567 720 1709 752 haeserit
1729 720 1782 759 F„

19 786 151 807 eausam
171 773 292 806 nullam
311 774 460 817 reperim
481 780 571 804 certe
591 772 682 816 qaod
704 772 866 803 adiectiva
887 777 920 803 et
939 771 1104 813 qualitatis
1124 771 1258 814 genitivi
1279 772 1323 803 sic
1343 778 1508 814 tamquam
1530 772 1620 815 paria
1638 772 1782 815 iungun-

16 832 82 867 tur,
102 826 188 858 adeo
208 826 323 857 mirum
343 837 409 857 non
429 830 480 856 est
498 824 587 868 apud
607 825 781 861 Senecam.
801 830 837 856 ut
857 824 898 855 sit
917 824 1014 855 etiam
1033 823 1137 855 multo
1156 822 1363 866 frequentius
1383 830 1416 855 et
1437 835 1495 856 usu
1514 823 1668 856 liberiore
1684 836 1781 867 quam

18 878 107 922 apud
128 879 335 910 Ciceronem.
373 876 506 909 Deinde
526 876 618 920 quod
638 876 704 908 vitii
722 876 764 908 F.
785 876 814 907 in
836 887 917 907 voce
934 887 1129 917 per-consens
1147 875 1250 907 latere
1270 876 1426 919 putabat.
1454 876 1487 907 id
1513 876 1585 919 ipse
1603 876 1710 908 intulit
1729 888 1781 907 re-

17 930 153 974 pudiata
172 930 339 962 sanissima
357 928 569 972 plurimorum
597 935 631 960 et
657 929 854 972 optimorum
875 927 975 959 codd.
996 928 1159 971 scriptura
1179 939 1390 969 percenseas.
1416 940 1501 970 quae
1530 934 1600 960 erat
1624 934 1722 960 antea
1749 929 1778 960 in

17 981 95 1014 edd.
118 993 224 1026 paene
245 981 412 1017 omnibus:
431 993 503 1012 nain
526 981 617 1023 quod
637 981 878 1012 vetustissimae
898 980 1020 1012 habent
1033 984 1217 1022 perleusus.
1237 991 1301 1011 non
1323 987 1393 1011 erat
1413 992 1473 1011 cur
1489 992 1526 1011 cx
1544 981 1598 1012 illo
1616 980 1781 1023 sterquili-

17 1035 71 1066 nio
90 1034 289 1077 margaritae
311 1039 514 1076 peterentur.
544 1053 593 1057 -—
621 1029 703 1065 ibid.
725 1036 748 1071 ἕ
768 1031 802 1065 4.
832 1033 976 1076 Legitur
994 1032 1024 1064 in
1046 1033 1176 1075 optimis
1196 1032 1285 1063 libris
1306 1044 1400 1063 mss-3:
1438 1033 1566 1065 Deinde
1585 1036 1617 1063 εἰ
1633 1036 1780 1064 innuatu-

16 1097 72 1118 rus
90 1086 240 1123 decessit,
260 1088 365 1125 (υτὶτῖί
382 1088 478 1122 euim,
496 1088 650 1127 quantum
669 1085 779 1116 debui!
798 1084 942 1121 virere).·
967 1086 1053 1116 m‘lu'l
1069 1085 1122 1116 ille·
1137 1087 1202 1116 iam
1222 1085 1307 1115 ullru
1327 1088 1513 1126 supererol.
1542 1096 1627 1127 quae
1649 1085 1696 1116 sic
1716 1085 1780 1128 pri-

16 1149 88 1170 mus
115 1137 218 1170 edidit
244 1138 284 1169 F.
306 1137 443 1169 adiectis
470 1137 511 1169 ad
537 1137 740 1169 intellectum
765 1136 943 1168 iuvandum
968 1136 1176 1179 parenthesis
1202 1137 1322 1180 signis:
1351 1136 1411 1168 sed
1436 1136 1460 1167 si
1488 1137 1559 1179 quis
1585 1137 1669 1168 bene
1694 1137 1782 1169 norit

15 1191 169 1222 Senecae
189 1201 310 1221 morem
331 1188 519 1233 disputandi
540 1195 573 1221 et
592 1188 864 1233 argumentandi.
893 1200 958 1220 non
985 1189 1108 1231 poterit
1133 1189 1229 1220 talem
1256 1189 1438 1220 orationem
1459 1188 1626 1220 serendam
1647 1194 1782 1231 putare;

18 1242 171 1274 absoluto
191 1241 275 1274 enim
296 1242 399 1285 primo
420 1241 474 1273 illo
495 1247 705 1285 argumento.
729 1241 770 1272 de
790 1252 856 1283 quo
878 1240 989 1272 dicere
1010 1246 1169 1283 coeperat
1188 1241 1206 1279 ᾗ
1232 1243 1275 1275 l..
1304 1240 1351 1272 his
1373 1241 1451 1283 ipsis
1472 1241 1578 1272 verbis
1598 1240 1639 1272 ad
1659 1252 1781 1273 novum

17 1298 248 1338 argumentum
273 1293 428 1336 procedit
450 1293 552 1336 idque
578 1299 614 1326 ut
642 1293 728 1325 solet
754 1305 835 1324 voce
861 1293 978 1325 deiude
1003 1293 1191 1336 praeposita
1219 1293 1397 1336 diligenter
1419 1293 1560 1329 indicat:
1594 1299 1646 1324 est
1670 1299 1781 1324 autem

19 1345 102 1378 ordo
131 1345 361 1389 disputationis
390 1345 598 1389 planissimus
622 1345 691 1377 hir:
729 1357 794 1376 non
821 1352 889 1382 est,
927 1344 1019 1388 quod
1044 1346 1192 1388 queraris
1218 1345 1425 1376 immaturum
1452 1345 1507 1376 filii
1528 1345 1669 1379 obitum:
1707 1356 1781 1377 nam

17 1398 143 1430 etiamsi
161 1397 379 1441 superfuisset
397 1398 426 1429 ei
445 1397 579 1442 longior
597 1403 699 1436 aetas,
719 1397 807 1429 nulla
828 1397 1014 1429 differentia
1034 1403 1084 1429 est
1103 1397 1283 1429 brevissimi
1304 1397 1550 1441 longissimique
1571 1398 1657 1433 acvb
1690 1403 1723 1428 at
1744 1408 1780 1429 re

19 1461 94 1482 vera
113 1449 190 1481 nihil
210 1450 240 1481 ei
259 1449 344 1482 ultra
359 1449 541 1493 superfuit;
568 1450 646 1481 vixit
664 1449 747 1481 enim
768 1456 927 1492 quantum
947 1449 1078 1489 debuit,
1100 1455 1258 1491 quantum
1278 1449 1346 1481 fato
1368 1450 1397 1481 ei
1417 1450 1611 1492 promissum
1631 1455 1699 1485 est:
1727 1456 1780 1481 tu-

17 1502 53 1534 lit
78 1513 184 1534 snum.
222 1512 324 1544 quare
350 1513 424 1533 cum
452 1507 611 1545 appareat
637 1502 740 1545 ipsam
765 1503 840 1533 novi
867 1502 1054 1545 argumenti
1079 1513 1236 1533 summam
1263 1502 1423 1533 contineri
1451 1502 1555 1533 verbis
1582 1501 1659 1532 illis:
1696 1503 1782 1533 rim-it

16 1557 170 1596 quantum
190 1554 310 1590 debm't,
328 1553 520 1585 incredibile
540 1560 590 1586 est
608 1553 690 1585 haec
710 1554 740 1585 in
761 1554 950 1597 parenthesi
969 1554 1047 1597 poni
1067 1565 1140 1586 cum
1161 1556 1243 1585 euim
1262 1554 1434 1597 particula.
1456 1554 1547 1596 quasi
1569 1565 1646 1584 vero
1663 1565 1702 1584 ea
1717 1553 1779 1585 iam

15 1611 95 1638 nota
115 1610 149 1637 et
168 1617 327 1637 concessa
347 1606 509 1637 sententia
528 1601 586 1643 sit,
613 1605 654 1637 ad
682 1617 779 1648 quam
800 1606 897 1638 liceat
917 1606 1010 1649 quasi
1030 1606 1138 1638 obiter
1164 1617 1357 1649 proxocarc.
1398 1606 1466 1638 sod
1493 1617 1678 1648 perversam
1706 1616 1779 1637 ora—

17 1658 138 1690 tionem
159 1669 234 1689 esse
253 1657 349 1689 etiam
371 1658 434 1689 alio
453 1657 554 1689 modo
575 1657 687 1701 colligi
707 1663 835 1701 potestg
861 1658 979 1690 etenim
1006 1658 1059 1689 cui
1085 1670 1158 1689 cum
1179 1664 1364 1690 moreretur
1390 1658 1465 1689 nihil
1487 1658 1570 1689 ultra
1589 1658 1705 1689 aetatis
1725 1669 1780 1689 su-

17 1715 158 1753 pererat,
177 1709 203 1741 is
223 1709 376 1753 profecto
397 1722 461 1742 non
480 1710 671 1742 immaturus
692 1710 837 1742 decessit
861 1710 919 1742 sed
940 1711 1037 1742 morti
1057 1716 1224 1747 maturus:
1244 1710 1347 1753 igitur
1361 1711 1388 1741 si
1408 1711 1537 1742 omittas
1558 1710 1779 1752 parenthesin,

18 1761 108 1804 quod
125 1761 226 1793 licere
246 1761 357 1798 debet,
376 1762 423 1793 sic
442 1768 693 1806 argumentatur
713 1763 858 1794 Seneca:
883 1763 909 1794 si
928 1763 1120 1794 immaturus
1141 1762 1301 1797 decessit.
1322 1774 1386 1794 non
1407 1763 1597 1794 immaturus
1619 1762 1779 1797 decessit:

18 1824 104 1856 quae
123 1813 169 1845 sic
187 1814 273 1845 inter
291 1826 326 1845 se
345 1814 438 1858 iungi
456 1814 532 1846 item
551 1813 743 1846 incredibile
764 1820 824 1851 est.
845 1815 905 1846 nisi
924 1815 1071 1846 iniuriam
1088 1814 1199 1846 facere
1215 1815 1364 1846 Senecae
1383 1814 1515 1857 ingenio
1537 1814 1626 1853 velis,
1647 1813 1779 1845 eadem-

19 1876 84 1908 que
103 1877 205 1909 opera
226 1865 446 1898 demonstravi
466 1878 530 1898 non
550 1878 650 1910 posse
669 1867 803 1910 probari
821 1867 968 1898 Fickerti
989 1867 1224 1898 coniecturam.
1244 1867 1299 1909 qui
1319 1878 1405 1909 quae
1425 1868 1454 1897 in
1476 1866 1661 1909 parenthesi
1680 1866 1780 1897 verba

17 1917 139 1961 posuit,
158 1923 234 1960 post
253 1929 367 1950 vocem
386 1922 558 1961 supererat
577 1918 734 1950 collocari
754 1919 867 1950 voluit.
904 1919 999 1955 Quae
1019 1931 1093 1950 cum
1113 1919 1158 1950 ita
1177 1918 1257 1955 sint.
1283 1919 1478 1962 intelligitur
1502 1917 1589 1948 hand
1610 1918 1708 1960 paulo
1728 1929 1781 1948 re-

18 1968 102 2000 ctius
129 1969 193 2000 iam
221 1969 295 2001 olim
323 1971 355 2002 in
381 1970 511 2003 duobus
539 1970 637 2003 codd.
663 1971 904 2003 recentioribus
929 1971 1139 2003 emendatum
1166 1982 1239 2002 esse
1262 1971 1325 2002 sic:
1363 1971 1490 2004 Deinde
1510 1982 1569 2000 unu
1590 1972 1781 2001 iummturus

18 2021 173 2057 decessit:
210 2026 308 2064 atque
327 2022 360 2054 id
379 2029 455 2055 ante
473 2023 514 2055 F.
536 2023 567 2055 in
588 2023 738 2055 omnibus
758 2022 834 2055 edd.
857 2023 933 2060 fuit:
970 2023 1029 2055 sed
1055 2035 1095 2054 ne
1124 2023 1171 2054 sic
1197 2023 1329 2065 quidem
1356 2023 1501 2054 locutum
1525 2033 1598 2053 esse
1618 2023 1781 2053 Senecam

19 2072 189 2115 probabile
209 2079 274 2111 est:
303 2074 412 2107 obstat
437 2076 575 2119 primum
596 2075 748 2107 codicum
770 2076 968 2118 optimorum
988 2075 1186 2107 auctoritas.
1212 2075 1242 2106 in
1263 2075 1382 2118 quibus
1404 2087 1467 2106 non
1488 2080 1538 2105 est
1556 2086 1635 2110 uon,
1662 2073 1721 2105 sed
1740 2076 1781 2110 si,

20 2135 105 2166 quae
124 2137 219 2157 nemo
241 2125 355 2158 credet
379 2127 465 2159 inter
490 2140 527 2159 sc
554 2128 747 2159 commutari
767 2128 916 2170 potuisse
942 2140 1050 2170 neque
1071 2139 1203 2163 errore,
1230 2128 1307 2170 quia
1327 2126 1535 2158 dissimillima
1554 2131 1646 2157 sunt.
1673 2136 1780 2168 neque

20 2176 168 2216 consilio,
189 2178 266 2220 quia
283 2178 329 2209 ita
347 2179 444 2221 plana
463 2192 502 2211 ac
522 2179 624 2211 facilis
643 2180 807 2211 sententia
828 2180 927 2212 fiebat
946 2180 1085 2212 difficilis
1102 2179 1279 2211 admodum
1296 2186 1330 2211 et
1344 2190 1476 2212 manca:
1498 2177 1618 2209 deinde
1638 2189 1702 2209 non
1720 2178 1781 2208 du-

19 2228 88 2260 bito
109 2229 185 2271 quin
204 2230 371 2273 aliquanto
394 2231 575 2264 modestius
594 2243 656 2264 nec
675 2232 745 2264 sine
765 2231 875 2275 aliqua
894 2232 1101 2275 praefatione
1122 2232 1253 2263 Seneca
1271 2231 1475 2263 refutaturus
1494 2230 1593 2262 fuerit
1613 2229 1782 2272 querelam

17 2279 165 2312 Marciae
186 2281 227 2314 de
245 2282 419 2314 immatura
437 2284 492 2316 filii
511 2289 638 2325 morte3
657 2283 732 2316 vide
752 2284 849 2325 enim,
870 2284 1040 2330 quomodo
1063 2284 1182 2315 deinde
1202 2289 1282 2328 agat
1301 2284 1320 2323 ἓ
1342 2285 1381 2315 6;
1401 2295 1463 2315 non
1482 2286 1531 2314 est
1549 2285 1676 2324 itaque.
1698 2281 1783 2324 quod

19 2334 67 2364 εἰς
86 2335 117 2365 {e
134 2344 244 2367 oneres
253 2348 266 2365 .·
301 2338 436 2377 ..potuit
452 2336 577 2369 diutius
596 2339 733 2369 vat-eres‘
772 2336 813 2368 cs.
836 2348 862 2369 c.
885 2338 944 2378 22,
969 2338 999 2368 1.
1028 2348 1088 2368 nec
1117 2336 1217 2368 ullum
1238 2336 1326 2368 aliud
1346 2334 1531 2379 exemplum
1551 2334 1698 2375 memini,
1725 2333 1782 2366 ubi
