1968 2599
889 100 937 143 17

23 209 85 248 tia3
105 207 260 239 dicuntur
279 207 364 239 enim
381 209 418 238 cl
431 218 492 238 sua
511 217 614 249 agere
635 207 685 238 vel
704 207 775 239 fieri
794 219 845 246 ea,
865 219 952 250 quae
971 208 1078 239 aliena
1098 220 1164 251 ope
1183 221 1245 241 nec
1265 209 1465 243 adiuvantur
1483 223 1545 243 nec
1561 211 1795 255 impediuntur,

22 259 125 291 veluti
149 260 303 290 lacrimas
329 257 408 290 dicit
435 258 565 289 Seneca
591 258 686 300 epist.
710 259 774 296 99,Ὶ
807 260 872 298 18,
897 263 1008 291 visua
1028 261 1126 291 latas.
1145 272 1226 302 quas
1247 262 1404 293 naturalis
1425 263 1606 295 necessitas
1627 265 1794 307 exprimit;

23 310 143 342 eodem
161 309 261 341 modo
282 309 349 341 fata
368 320 503 352 quoque
523 309 551 339 vi
570 320 630 340 sua
649 309 696 341 ire
716 309 791 341 alibi
812 310 874 342 dici
891 316 1059 352 poterant,
1080 311 1144 342 hoc
1164 312 1239 343 loco
1259 324 1325 344 non
1345 319 1496 355 possunt,
1516 315 1592 357 quia
1612 327 1678 347 non
1698 316 1793 360 cogi-

22 367 112 394 tatur
131 361 173 393 de
192 361 254 393 alia
273 361 321 401 vi,
346 372 432 403 quae
451 359 518 391 fata
538 360 669 392 vincere
689 367 849 403 nequeat,
875 362 936 394 sed
963 362 1005 394 de
1024 363 1212 395 constantia
1234 363 1377 396 fatorum
1398 376 1463 407 qua
1483 366 1575 408 quod
1595 367 1793 409 promissum

23 418 76 445 est
105 411 239 445 solvunt
269 423 331 444 nec
364 412 406 443 de
438 412 488 443 via
513 423 658 455 unquam
686 412 870 452 declinant3
904 414 1120 456 quamobrem
1153 427 1219 458 ego
1250 415 1397 448 scribere
1430 417 1528 448 malui
1552 421 1605 449 vio
1640 431 1710 451 sna.
1742 439 1793 445 --

23 461 139 499 CAP.
162 461 298 504 XXII„
324 462 353 496 Ι.
381 462 503 495 Addidi
521 467 627 495 rivere
646 470 723 506 post
742 476 858 496 vocem
881 466 1066 507 expedierit
1085 478 1124 497 ex
1147 466 1222 498 cod.
1241 469 1277 498 A.
1328 467 1461 500 Deinde
1480 481 1564 500 voce
1582 472 1666 505 sint,
1693 482 1793 513 quam

21 515 109 548 idem
130 516 249 555 omisit,
274 514 406 546 videtur
424 516 529 547 careri
548 527 660 558 posse.
702 516 809 547 Paulo
830 522 907 559 post
925 517 1060 560 scripsi:
1088 529 1188 558 neque
1207 520 1273 550 ulla
1288 531 1388 561 pars,
1414 525 1451 551 ut
1473 520 1574 552 habet
1592 521 1701 553 codex
1721 523 1792 554 Me-

23 567 222 599 diolanensis
240 567 285 599 D.
306 566 336 598 in
357 578 462 610 marg.
488 567 519 598 in
540 579 606 610 quo
626 578 728 610 saepe
746 568 868 610 scripta
888 574 965 600 sunt
984 580 1070 611 quae
1090 568 1190 601 habet
1210 570 1352 612 optimus
1373 571 1631 604 Mediolanensis
1651 575 1696 613 A,
1722 574 1792 606 sive

23 630 64 650 ex
84 619 155 661 ipso
174 618 228 649 illa
246 617 368 661 petita,
393 618 426 649 id
454 618 545 660 quod
571 624 621 650 est
638 619 920 660 verisimillimum,
947 620 1016 652 sive
1036 632 1076 651 ex
1096 620 1159 651 alio
1180 621 1291 661 simili;
1318 622 1348 653 in
1377 624 1403 654 A
1423 628 1532 655 tamen
1558 623 1700 656 traditur
1723 624 1792 669 legi

21 672 168 712 nequitia
183 681 276 711 pars,
303 681 390 712 quae
410 669 436 700 si
454 675 547 702 recte
568 669 692 702 dividas
712 670 776 702 sic:
802 683 873 713 περ.
893 674 994 709 nitio,
1020 676 1055 703 et
1074 672 1100 703 si
1125 673 1308 705 memineris
1329 673 1420 716 quod
1439 686 1539 717 supra
1559 675 1600 706 ad
1620 687 1649 707 c.
1674 678 1731 714 12,
1760 678 1791 709 l.

24 720 262 761 demonstravi,
282 720 407 752 litteras
427 722 486 753 let
505 724 518 752 t
535 722 621 753 inter
638 733 676 753 se
695 723 900 759 commutari,
929 722 1026 755 facile
1052 730 1191 766 apparet
1218 725 1248 756 in
1276 725 1440 768 scriptura
1466 727 1519 758 illa
1544 727 1655 770 potius
1681 727 1791 760 inesse

24 783 140 804 vocem
159 774 237 813 nlla,
256 783 352 815 quam
371 772 463 815 quod
482 773 522 804 F.
545 773 657 805 elicuit
675 774 755 804 alia.
775 793 827 798 —
844 770 928 806 ibid.
959 777 982 814 ,ὃ
1003 772 1036 806 2.
1066 778 1186 817 recipit
1204 776 1320 818 scripsi
1341 789 1379 808 ex
1401 777 1477 810 cod.
1499 780 1523 810 Λ
1545 784 1578 810 et
1596 779 1665 811 aliis
1686 779 1790 811 tribus

22 835 83 867 pro
110 823 247 868 vulgato
272 826 405 866 recepit.
462 824 574 856 Abieci
600 824 721 856 deinde
740 825 825 857 Phil.
845 826 989 858 Roberki
1007 827 1234 859 coniecturam
1255 840 1274 859 a
1293 828 1334 860 F.
1355 835 1543 872 receptam:
1569 835 1792 864 conservatum

22 878 71 908 iri
82 879 228 917 potm'sse
246 878 305 907 out
323 876 444 907 morbos
463 878 511 907 ita
529 876 666 907 evadere
676 889 691 914 ,·
715 876 759 908 ita
780 877 863 908 enim
885 883 919 909 et
937 878 1022 909 mala
1041 879 1172 921 syntaxi
1192 884 1413 912 conseri-otum
1433 885 1481 913 iri
1499 881 1619 913 dicitur
1636 893 1696 925 pro
1717 894 1792 914 con-

22 930 153 959 servari
169 933 203 959 et
220 927 383 959 sententia
402 928 553 959 Senecae
572 928 782 970 pervertitur,
811 940 908 971 quam
929 941 995 973 ego
1016 941 1056 961 ex
1078 930 1208 973 optimis
1229 930 1330 963 codd.
1357 932 1486 964 restitui
1509 944 1573 964 una
1593 933 1700 966 littera
1719 946 1791 966 mu-

23 984 108 1018 tata3
135 979 166 1010 in
191 978 251 1010 illis
278 979 362 1011 enim
389 981 438 1010 iri
459 990 524 1010 non
551 979 690 1022 legiturg
717 985 794 1011 ante
817 985 938 1012 morbos
963 987 1074 1013 autem
1101 982 1225 1014 habent
1247 994 1356 1025 neque
1376 987 1450 1022 out.
1477 996 1587 1027 neque
1612 985 1705 1028 quod
1724 997 1790 1030 ego

22 1030 139 1073 scripsi
162 1034 208 1069 et,
232 1029 293 1062 sed
319 1033 370 1065 ul.
403 1041 542 1072 quarum
566 1042 684 1062 vocum
717 1030 983 1074 frequentissima
1010 1039 1060 1064 est
1093 1033 1265 1073 confusio;
1300 1034 1364 1066 hoc
1396 1041 1506 1067 autem
1533 1036 1612 1068 dicit
1641 1038 1790 1069 Seneca:

21 1087 160 1114 naturae
179 1082 344 1113 beneficio
363 1081 490 1114 Metilio
519 1082 773 1124 pulcherrimum
793 1095 915 1126 corpus
936 1084 1118 1127 obtigisse3
1143 1085 1231 1116 idem
1251 1085 1372 1118 deinde
1400 1098 1479 1118 cura
1507 1099 1634 1119 summa
1653 1100 1791 1120 conser-

21 1138 132 1165 vatum
151 1145 242 1169 esse:
261 1133 321 1165 sed
341 1133 503 1165 neminem
519 1133 669 1176 recipere
684 1139 741 1166 aut
758 1142 928 1177 praestare
944 1148 1055 1179 posse,
1074 1136 1209 1168 morbos
1229 1148 1365 1180 quoque
1381 1138 1411 1169 ei
1426 1138 1501 1170 nihil
1519 1138 1628 1170 damni
1641 1139 1791 1172 illaturos

21 1184 136 1224 fuisse,
157 1185 183 1217 si
199 1185 321 1217 diutius
336 1185 390 1216 ille
406 1184 548 1216 vixisset.
565 1204 613 1209 —
635 1185 769 1217 Deinde
784 1187 900 1230 scripsi
916 1191 947 1218 in
964 1188 1219 1220 adulescentiam
1232 1189 1324 1220 nimis
1340 1189 1481 1222 sortasse
1497 1196 1592 1222 tenax
1609 1191 1792 1235 scripturae

22 1236 148 1268 codicis
172 1238 200 1268 A
226 1248 286 1279 pro
312 1237 468 1280 vulgata:
496 1240 528 1268 in
555 1237 789 1269 adulescentia.
816 1257 868 1261 ——
903 1239 1011 1270 Paulo
1036 1239 1120 1271 infra
1144 1240 1257 1283 recepi
1286 1241 1377 1283 quod
1399 1241 1499 1273 habet
1525 1241 1600 1273 cod.
1624 1242 1731 1275 Palat.
1755 1244 1789 1274 2.

15 1291 162 1330 proiecti
173 1290 288 1329 [smalh
305 1299 408 1332 aegre
424 1288 507 1320 enim
524 1299 638 1320 careas
651 1289 752 1321 verbo
768 1289 992 1329 substantivo;
1008 1291 1130 1323 rectius
1144 1291 1288 1323 fortasse
1304 1293 1505 1325 conieceris:
1519 1294 1687 1335 provoluti
1697 1297 1790 1332 sunt3

22 1339 83 1372 sed
107 1351 182 1371 cum
206 1340 238 1371 in
264 1339 364 1372 codd.
392 1341 419 1371 A
446 1346 480 1372 et
497 1340 526 1371 B
546 1340 588 1371 sit
609 1344 751 1382 promti,
776 1340 874 1373 facile
900 1342 1018 1374 credas
1046 1342 1158 1385 plures
1177 1355 1278 1375 voces
1306 1355 1420 1376 errore
1447 1356 1521 1376 esse
1540 1345 1572 1376 in
1592 1357 1690 1377 uuam
1710 1357 1790 1378 con-

21 1396 154 1429 tractas,
170 1391 271 1422 veluti
282 1394 426 1433 proiecti
436 1391 487 1423 vel
503 1393 668 1433 prorolm‘i
684 1396 760 1424 sunt
779 1396 848 1424 toti.
867 1412 918 1417 --
944 1390 1029 1426 ibid.
1047 1396 1069 1433 ᾗ
1086 1392 1120 1427 3.
1149 1394 1266 1427 Adieci
1277 1407 1338 1436 per
1353 1397 1634 1439 praepositionem
1651 1409 1691 1429 ex
1711 1397 1788 1429 cod.

20 1442 53 1474 1)
74 1448 108 1474 et
126 1442 274 1474 Pinciani
292 1442 398 1480 libris:
418 1455 490 1474 nam
510 1444 734 1476 accusativum
752 1446 930 1486 simplicem
948 1446 1088 1478 dolorem
1107 1446 1230 1478 habent
1248 1447 1378 1489 plurimi
1398 1454 1431 1479 et
1451 1449 1580 1491 optimi;
1607 1454 1640 1480 et
1659 1448 1791 1480 videtur

21 1493 150 1526 facilius
163 1506 226 1536 per
246 1494 401 1526 excidere
421 1495 570 1537 potuisse
590 1507 687 1538 quam
713 1496 831 1528 mutari
851 1497 1027 1537 ablativus,
1054 1509 1152 1540 quem
1178 1504 1293 1530 tenent
1312 1498 1408 1539 edd.‚
1434 1499 1465 1531 in
1485 1500 1720 1532 accusativum.
1740 1519 1791 1525 ·-

20 1545 154 1578 Deinde
173 1545 265 1588 quod
285 1545 362 1577 edd.
384 1546 506 1578 habent
524 1547 682 1579 brevitate
699 1550 786 1579 vitae
805 1548 987 1589 defunctos.
1008 1548 1144 1581 dubium
1163 1561 1230 1581 non
1257 1556 1308 1582 est
1333 1551 1410 1593 quin
1435 1551 1476 1582 ab
1498 1551 1712 1583 emendatore
1731 1552 1790 1591 sit;

21 1596 146 1640 legitur
165 1597 249 1628 enim
268 1597 299 1628 in
320 1609 385 1629 uno
406 1597 482 1629 cod.
504 1598 534 1628 D
551 1599 756 1637 1·ecentiore;
776 1599 807 1631 in
827 1599 961 1642 reliquis
982 1601 1132 1632 omnibus
1147 1604 1235 1633 ritae
1249 1613 1370 1634 nomen
1386 1602 1496 1639 deest:
1516 1614 1618 1645 quare
1634 1604 1790 1645 quoniam

23 1659 129 1691 aequa
149 1649 244 1680 nobis
264 1649 460 1681 emendandi
480 1649 614 1681 libertas
634 1656 685 1682 est
704 1656 738 1682 ct
756 1650 885 1683 facilior
903 1651 1091 1684 emendatio
1111 1653 1258 1695 quamvis
1277 1654 1381 1685 veteri
1400 1653 1561 1697 praeferri
1580 1654 1698 1694 debet,
1722 1666 1788 1698 ego

21 1699 108 1731 illam
127 1711 242 1732 vocem
268 1700 374 1732 abieci
401 1706 435 1732 et
460 1712 521 1744 pro
540 1702 698 1733 bret-itote
724 1703 839 1745 scripsi
859 1704 951 1735 brevi
965 1707 1093 1745 aetate,
1120 1710 1158 1736 ut
1177 1704 1288 1736 vitium
1305 1705 1373 1737 tale
1392 1705 1449 1743 sit.
1475 1706 1572 1748 quale
1592 1712 1642 1738 est
1659 1706 1692 1737 in
1711 1706 1788 1738 cod.

21 1751 127 1783 Paris.
147 1751 187 1783 P.
213 1752 309 1794 epist.
338 1753 398 1791 87,
425 1754 459 1790 4‚
494 1753 550 1795 qui
573 1757 709 1795 propter
734 1757 853 1786 statem
879 1754 979 1787 habet
1004 1767 1064 1798 pro
1092 1767 1170 1787 vera
1197 1756 1359 1799 scriptura
1382 1761 1518 1799 propter
1544 1760 1711 1790 aestatem.
1737 1777 1790 1782 —

21 1799 104 1835 ibid.
127 1803 148 1846 ξ
166 1801 201 1835 5.
229 1807 438 1836 consecratur
456 1805 673 1847 subsc-raptio]
728 1806 825 1838 Haec
853 1812 903 1838 est
929 1806 1083 1838 codicum
1103 1819 1179 1839 mss.
1199 1808 1380 1851 scriptura,
1407 1820 1493 1851 quae
1519 1808 1595 1840 mihi
1617 1808 1702 1841 adeo
1722 1821 1788 1841 non

22 1853 105 1886 salsa
124 1854 271 1895 videtur,
298 1861 335 1888 ut
355 1856 452 1887 etiam
476 1857 632 1888 acuminis
652 1856 777 1899 aliquid
795 1858 916 1890 habeat
935 1858 1068 1890 Seneca
1088 1858 1179 1891 haud
1196 1859 1385 1903 indignum‚
1413 1861 1535 1903 quippe
1557 1860 1611 1892 cui
1629 1861 1660 1892 in
1680 1865 1791 1893 statua

24 1905 136 1938 Seiani
168 1907 394 1939 consecranda
422 1907 494 1951 ipsa
529 1908 777 1950 quodammodo
804 1909 1003 1952 subscriptio
1037 1915 1071 1942 et
1102 1916 1174 1942 tota
1203 1910 1388 1944 delatorum
1419 1911 1605 1955 perniciosa
1628 1911 1792 1944 industria

22 1958 210 1989 consecrari
224 1957 394 1999 videatur3
415 1971 519 2002 quare
539 1972 624 2003 opus
643 1972 709 1992 non
729 1972 804 1993 esse
823 1961 965 1993 arbitror
984 1962 1146 1993 Gronov-ii
1165 1967 1199 1994 et
1217 1962 1258 1994 F.
1279 1963 1479 1995 coniecturis
1500 1963 1738 2005 subscriptione
1757 1969 1791 1995 et

22 2009 214 2051 subscripto.
241 2029 292 2033 —
318 2010 452 2043 Deinde
470 2012 585 2055 scripsi
612 2015 820 2054 impetratum
842 2024 861 2044 e
881 2013 1090 2051 coniectura,
1118 2013 1267 2056 proxime
1288 2020 1398 2047 tamen
1419 2013 1583 2046 accedens
1603 2014 1647 2046 ad
1665 2014 1790 2046 codicis

21 2061 49 2092 A
67 2061 263 2104 scripturam
282 2064 487 2104 imperiatum
498 2076 512 2101 ,·
532 2075 606 2095 cum
627 2064 712 2096 enim
733 2066 747 2095 i
764 2069 799 2096 et
817 2066 831 2095 t
848 2064 980 2096 litterae
998 2065 1102 2097 semel
1117 2064 1278 2097 confusae
1297 2072 1419 2103 essent,
1438 2072 1475 2098 ut
1489 2066 1560 2097 fieri
1579 2066 1675 2106 solet,
1695 2066 1791 2098 simul

24 2112 121 2144 etiam
140 2113 300 2145 traiectae
319 2120 406 2147 sunt.
463 2115 550 2147 Olim
570 2115 779 2148 scribebatur
799 2119 1009 2158 imparatum,
1028 2116 1137 2149 donec
1157 2117 1328 2150 Gronovio
1349 2123 1487 2150 auctore
1509 2120 1702 2160 imperatum
1720 2118 1791 2150 vul-

22 2169 137 2206 gatum
156 2170 221 2203 est,
248 2165 279 2196 in
300 2177 366 2208 quo
386 2166 575 2211 intelligunt
593 2167 790 2211 imperatum
810 2167 853 2199 ad
873 2174 1030 2205 mortenu
1058 2168 1117 2200 sed
1137 2180 1247 2211 neque
1267 2181 1346 2202 usus
1365 2170 1419 2202 ille
1439 2175 1472 2201 et
1491 2169 1612 2212 ellipsis
1632 2169 1791 2212 exemplis

22 2216 100 2247 satis
121 2216 304 2248 confirmari
330 2222 442 2260 potest
469 2225 502 2250 et
528 2218 658 2251 videtur
682 2219 747 2251 hoc
766 2219 936 2262 aliquanto
965 2220 1073 2263 aptius
1094 2232 1182 2261 esse,
1209 2221 1302 2263 quod
1328 2221 1483 2253 dicuntur
1502 2220 1669 2253 delatores
1688 2221 1791 2264 impe-

21 2270 127 2299 trasse
145 2267 328 2311 hominem3
347 2269 496 2303 nimirum
519 2271 716 2315 rogantibus
735 2271 773 2303 iis
795 2276 945 2315 potestas
966 2272 1043 2304 data
1063 2277 1114 2304 est
1131 2272 1291 2315 impetum
1308 2273 1340 2305 in
1361 2285 1436 2305 eum
1454 2272 1794 2317 faciendigincipiunt

1440 2333 1461 2365 3
