1968 2599
1004 104 1056 146 18

152 224 262 248 autem
280 217 435 258 impetum
454 213 566 244 facere
584 213 647 248 ita,
674 219 711 244 ut
737 219 903 253 tamquam
927 211 1078 242 acerrimi
1104 221 1203 242 canes
1230 210 1399 254 sanguinis
1419 210 1550 242 humani
1569 210 1655 243 avidi
1673 211 1838 244 hominem
1857 213 1920 245 cir-

154 268 357 300 cumlatrent.
386 283 436 288 —-
463 260 546 297 ibid.
576 266 599 303 §
625 261 660 296 6.
690 266 722 294 el
740 262 934 304 particulam
954 261 1135 293 tollendam
1153 261 1283 299 iudico;
1302 273 1412 304 neque
1432 262 1518 294 enim
1537 262 1660 295 sufficit
1679 264 1841 295 Gronovii
1861 263 1921 296 de-

152 319 270 357 fensio,
290 318 320 348 in
341 327 405 358 qua
423 315 465 346 F.
486 315 666 357 acquievit;
689 313 729 345 cf.
751 326 780 345 c.
803 315 861 354 ⁶26,
886 315 916 345 1.
947 333 994 337 --
1022 309 1106 346 ibid.
1129 315 1151 352 ἓ
1174 311 1209 345 7.
1244 313 1329 344 Cum
1347 313 1379 345 in
1399 313 1476 347 cod.
1496 314 1523 346 A
1543 319 1578 346 et
1594 315 1624 346 B
1645 315 1766 346 omissa
1784 319 1822 347 ut
1848 316 1920 347 fieri

153 371 239 402 solet
257 369 287 400 in
307 368 370 399 hoc
389 367 483 405 libro,
505 365 735 398 terminatione
755 365 914 408 scriptum
933 365 975 396 sit
994 368 1030 396 ut
1048 365 1238 406 interpella,
1264 364 1357 396 licuit
1375 370 1409 397 et
1427 366 1676 408 interpellarent
1692 367 1859 407 scribere,
1885 366 1920 399 id

155 420 243 464 quod
258 420 298 450 F.
315 418 482 462 praetulit,
504 423 537 449 et
557 418 811 458 interpellante-3,
832 415 923 459 quod
940 417 1061 448 omissa
1076 419 1111 448 nt
1128 415 1291 459 particula
1309 421 1385 448 ante
1399 416 1439 448 F.
1460 417 1632 461 vulgatum
1652 423 1740 458 erat3
1760 418 1836 450 mihi
1854 418 1921 450 hoc

153 473 290 504 alterum
309 470 413 513 magis
428 469 551 512 placuit
569 473 698 500 servata
716 473 825 500 tamen
846 471 881 499 ul
899 468 1073 511 particula.
1093 487 1143 492 —
1171 464 1255 500 ibid.
1277 470 1300 507 ,Q
1320 465 1354 500 S.
1383 468 1671 512 Praepositionem
1690 472 1723 501 in
1744 468 1920 501 delendam

154 523 305 561 arbitror,
327 527 364 553 ut
382 522 504 553 rectius
525 520 733 563 significetur
753 519 938 551 delatorum
958 519 1141 551 consilium.
1171 538 1220 543 ·—
1257 518 1390 551 Deinde
1409 531 1509 552 voces
1525 532 1632 562 paene
1649 532 1711 552 non
1730 521 1826 552 Ie'cm‘t
1843 521 1921 553 mihi

154 575 249 606 etiam
276 584 337 616 pro
355 574 505 604 Senecae
526 570 769 603 consuetudine
785 571 877 603 nimis
895 572 1035 614 abrupte
1050 571 1161 602 illatae
1180 569 1354 609 videntur;
1374 571 1487 614 itaque
1506 572 1658 615 suspicor
1677 577 1754 604 ante
1773 572 1842 604 illas
1863 577 1922 605 aut

155 637 249 657 unam
275 636 390 656 vocem
416 625 518 655 alicui
539 623 590 654 rel
617 624 670 654 ills
693 623 743 654 vel
769 622 879 663 aliam,
905 634 971 665 qua
992 622 1124 654 Cordus
1150 622 1397 666 significaretur
1418 622 1583 654 excidisse
1607 628 1665 655 aut
1690 624 1788 655 etiam
1806 623 1921 666 plures

153 676 257 714 simul,
278 676 395 707 veluti:
429 677 500 706 olim
515 676 649 717 flevisti
671 674 755 716 quod
772 676 884 713 ala'cm',
909 674 961 705 vel
980 674 1111 706 similes.
1168 670 1284 707 CAP.
1302 670 1448 714 XXIII,
1473 672 1503 706 l.
1533 675 1660 706 Vocem
1675 675 1831 717 ponderis
1851 686 1919 719 ego

152 740 226 760 cum
246 728 287 759 F.
307 739 367 770 pro
388 727 588 770 glossemate
608 725 736 765 liabe03
757 725 821 757 vid.
843 725 896 757 ad.
925 737 953 757 c.
977 726 1011 766 3,
1038 727 1073 758 4.
1102 744 1152 749 —
1177 721 1262 758 ibid.
1290 728 1313 764 ὃ
1337 724 1372 757 5.
1401 725 1456 757 De
1481 725 1623 757 formula
1648 729 1697 758 ita
1722 729 1771 758 est
1795 725 1861 758 dixi
1886 726 1920 758 in

151 779 254 823 praef.
274 790 351 822 pag.
373 779 411 810 V.
432 789 494 809 nec
514 777 628 809 dubito
649 778 725 820 quin
747 789 819 809 eam
837 783 930 809 recte
950 777 981 808 h.
1002 777 1022 808 l.
1046 777 1263 815 restituerim;
1282 776 1342 808 sed
1359 776 1450 819 quod
1470 777 1622 820 sequitur
1636 778 1772 809 verbum
1790 781 1840 809 est
1857 778 1920 810 nisi

151 843 252 863 unum
272 835 361 862 certe
380 835 550 861 auctorem
570 828 739 860 diceretur
753 829 875 860 habere
894 829 1044 860 Pinciani
1060 834 1124 860 vet.
1143 828 1273 868 librum,
1293 840 1358 860 non
1377 840 1465 860 eram
1480 834 1558 871 post
1572 829 1728 861 iudicium
1743 829 1918 862 additurus

152 882 212 914 sed
239 887 314 913 ante
339 893 452 912 vocem
479 881 607 922 adpetit
633 881 709 912 loco
735 884 767 912 et
790 881 991 923 particulae,
1021 892 1107 923 quae
1134 880 1318 912 rectissime
1344 880 1458 914 aberit.
1486 899 1537 904 —
1565 876 1681 914 CAP.
1709 877 1855 922 XXIV,
1881 879 1918 914 4.

152 934 280 965 Locum
301 933 444 976 graviter
463 937 655 975 corruptum
675 944 749 964 cum
769 944 877 975 neque
898 932 938 963 ab
959 932 1028 963 aliis
1044 932 1260 974 probabiliter
1279 931 1490 963 emendatum
1509 931 1655 964 viderem
1675 937 1709 964 et
1724 943 1742 964 a
1757 944 1809 964 me
1826 937 1920 965 recte

153 985 318 1017 emendari
337 996 436 1026 posse
457 983 688 1026 desperarem,
716 984 814 1015 talem
834 984 930 1026 posui
950 983 1055 1026 qualis
1076 989 1127 1015 est
1145 984 1176 1014 in
1196 983 1325 1026 optimis
1344 983 1453 1021 libris,
1480 983 1600 1015 additis
1621 983 1866 1026 depravationis
1886 989 1921 1017 et

152 1037 289 1068 lacunae
308 1036 421 1078 signis.
461 1036 618 1067 Ceterum
639 1035 725 1067 duae
745 1041 822 1067 sunt
841 1034 1037 1067 emendandi
1057 1035 1153 1066 huius
1172 1035 1237 1066 loci
1257 1035 1364 1078 leges,
1385 1046 1467 1078 quas
1486 1035 1545 1066 viri
1565 1035 1656 1067 docti
1674 1047 1791 1078 parum
1810 1035 1920 1068 adhuc

152 1087 359 1131 perspexisse
380 1086 549 1125 videntum
569 1098 644 1118 nam
664 1086 705 1118 de
725 1087 887 1119 sententia
908 1086 1125 1118 dubitandum
1145 1098 1210 1118 non
1231 1092 1282 1118 est
1301 1087 1378 1129 quin
1397 1086 1516 1118 redeat
1535 1088 1665 1119 Seneca
1683 1087 1726 1119 ad
1745 1088 1920 1131 superiora

152 1139 219 1170 illa:
246 1140 359 1180 Incipe
385 1139 557 1170 vz'rluz'ibus
584 1140 690 1176 illum,
709 1151 769 1170 non
789 1142 886 1170 armis
905 1142 1099 1170 aestimare:
1124 1141 1208 1170 salis
1227 1139 1283 1169 (Im
1305 1141 1411 1176 rixi&
1431 1150 1516 1180 quae
1536 1144 1710 1182 postquam
1729 1139 1918 1183 singulatim

152 1195 346 1233 persecutus
367 1195 434 1227 est,
463 1188 593 1222 videtur
619 1201 679 1233 pro
708 1202 800 1222 more
824 1202 885 1222 suo
913 1196 1088 1232 antequam
1116 1201 1233 1221 novam
1252 1189 1449 1222 sententiam
1471 1190 1686 1234 adiungeret,
1713 1191 1919 1233 superiorem
1967 1188 1968 1193 ¹

153 1242 236 1274 illam
255 1241 458 1284 repetivisse.
516 1242 697 1273 Praeterea
717 1254 782 1273 non
803 1242 908 1285 magis
929 1241 1146 1273 dubitandum
1167 1247 1217 1273 est
1232 1242 1310 1284 quin
1331 1253 1415 1273 nova
1435 1242 1599 1274 sententia
1617 1242 1726 1274 verbis
1744 1242 1794 1274 his
1813 1243 1919 1275 conti·
1966 1249 1968 1252 ⁴

154 1300 286 1325 neatur:
307 1305 389 1325 mmc
410 1294 463 1324 >ille
481 1294 545 1325 isba·
561 1296 664 1335 magis
683 1297 788 1326 vocal.
808 1294 893 1325 hanc
912 1299 1023 1325 autem
1043 1294 1173 1325 Seneca
1192 1305 1257 1325 non
1277 1294 1374 1337 fingit
1392 1293 1451 1325 sed
1472 1299 1638 1337 tamquam
1658 1305 1768 1325 veram
1788 1305 1827 1326 ac
1847 1305 1919 1326 cer·
1967 1305 1968 1308 ¹

152 1352 216 1377 tam
235 1345 328 1388 ponit
347 1350 380 1376 et
400 1356 513 1377 rursus
530 1344 685 1388 deinceps
709 1345 897 1389 singulatim
913 1350 1110 1388 pertractat;
1130 1346 1243 1388 itaque
1258 1345 1342 1376 male
1364 1345 1542 1377 emendant
1563 1346 1628 1376 sic:
1648 1348 1747 1386 quase·
1762 1357 1847 1378 nnnc
1865 1347 1920 1378 ille

152 1398 215 1429 tibi
231 1399 333 1439 magis
352 1399 460 1435 rac-vl,
486 1403 665 1440 propterea
686 1397 777 1439 quod
798 1403 831 1429 et
849 1409 912 1428 vox
933 1397 985 1428 illa
1013 1401 1111 1439 qnasi
1127 1403 1161 1429 et
1179 1397 1408 1428 coniunctivus
1428 1400 1519 1428 vacet
1539 1397 1578 1428 ab
1598 1397 1660 1428 hac
1678 1397 1841 1430 sententia
1861 1397 1919 1429 ab-

154 1449 280 1487 liorret3
301 1447 432 1480 accedit
451 1448 542 1490 qnod
563 1460 646 1479 nnm-
667 1448 859 1491 particulam
879 1460 939 1492 per
958 1449 1159 1491 anaphoram
1179 1448 1226 1480 bis
1246 1449 1387 1491 positam
1408 1460 1482 1480 esse
1502 1447 1708 1480 manifestum
1728 1454 1794 1489 est,
1822 1449 1920 1481 sicuti

155 1500 273 1532 deinde
291 1511 461 1541 numquam
482 1500 605 1543 pariter
624 1500 671 1531 bis
692 1500 843 1543 ponitur3
870 1500 959 1532 unde
979 1500 1174 1544 intelligitur
1193 1500 1281 1543 prius
1308 1500 1387 1531 illud
1407 1512 1490 1532 mmo
1509 1512 1575 1532 non
1594 1506 1672 1543 post
1690 1511 1806 1532 vocem
1824 1503 1924 1542 quasi

154 1551 212 1583 sed
227 1552 257 1583 in
273 1551 433 1594 principio
448 1552 631 1583 sententiae
648 1552 846 1584 collocatum
862 1552 976 1584 fuisse.
1007 1553 1120 1588 Quare
1135 1551 1342 1594 separandae
1361 1557 1438 1583 sunt
1457 1563 1557 1583 voces
1576 1551 1793 1595 depravatae:
1805 1553 1920 1595 filium
1958 1558 1962 1570 ·'

152 1606 224 1645 geri
240 1615 334 1645 qaam
352 1606 392 1639 si,
412 1614 494 1646 quas
515 1603 718 1635 credendum
734 1609 785 1636 est
804 1603 845 1635 de
864 1604 1013 1646 pluribus
1033 1615 1221 1647 superesse,
1241 1604 1360 1646 quibus
1381 1609 1414 1636 et
1433 1604 1586 1646 superior
1604 1604 1767 1636 sententia
1785 1609 1919 1647 repete·
1958 1616 1959 1619 ¹

153 1660 243 1686 retur
267 1660 297 1686 et
316 1665 516 1698 progressus
537 1655 632 1687 fieret
656 1655 698 1686 ad
717 1667 844 1687 novam.
864 1674 915 1679 —-
940 1655 1073 1687 Deinde
1101 1655 1215 1687 dubito
1243 1667 1347 1694 nunc,
1374 1667 1413 1687 an
1434 1655 1557 1687 rectius
1572 1655 1623 1687 vel
1642 1658 1787 1687 evocetur
1805 1655 1857 1687 vel
1877 1655 1919 1688 de

153 1706 298 1737 Pinciani
319 1705 512 1748 conjectura
530 1710 680 1738 avocetur
699 1707 909 1739 scribendum
928 1708 986 1745 sit;
1007 1707 1048 1738 cf.
1071 1706 1113 1739 de
1132 1707 1254 1739 benefl'.
1274 1707 1331 1744 VI,
1355 1708 1413 1747 15,
1435 1708 1468 1738 ⁶2.
1497 1726 1548 1731 —
1575 1703 1659 1740 ibid.
1680 1709 1702 1745 §
1728 1704 1763 1739 5.
1793 1707 1919 1750 Scripsi

155 1757 195 1789 de
214 1769 287 1789 mea
305 1758 498 1790 coniectura
516 1758 700 1800 effocatnr;
726 1759 757 1790 in
785 1759 909 1802 optimo
936 1759 1022 1791 enim
1042 1759 1160 1790 codice
1186 1758 1323 1801 aliisque
1350 1758 1500 1801 pluribus
1520 1764 1571 1791 est
1590 1758 1774 1801 effugatur,
1799 1759 1832 1790 in
1850 1770 1917 1790 uno

152 1810 191 1841 B.
214 1810 269 1852 qui
293 1821 393 1852 saepe
418 1809 568 1853 proxime
593 1809 635 1841 ad
654 1812 681 1842 A
701 1810 775 1842 cod.
796 1810 944 1847 accedit,
969 1810 1160 1852 estimatur,-
1185 1809 1295 1843 solent
1321 1816 1431 1842 autem
1451 1822 1467 1842 o
1488 1815 1522 1842 et
1539 1822 1559 1842 u
1578 1810 1706 1842 litterae
1724 1810 1917 1853 saepissime

154 1860 312 1893 confundi
330 1862 475 1904 itemque
498 1874 515 1893 c
540 1866 573 1892 et
592 1873 628 1903 g.
653 1862 750 1894 sicuti
768 1862 868 1905 paulo
888 1868 964 1894 ante
990 1861 1021 1893 in
1041 1863 1067 1893 A
1089 1862 1164 1894 cod.
1185 1867 1237 1894 est
1254 1861 1384 1904 efficies
1402 1873 1462 1905 pro
1482 1861 1626 1904 ‘ffigssss·
1679 1862 1800 1904 Itaque
1818 1873 1916 1894 nemo

152 1913 214 1944 iam
239 1912 393 1956 probabit
417 1912 509 1956 quod
527 1913 627 1956 vulgo
654 1913 831 1957 legebatur
856 1914 1064 1954 obfuscatur,
1089 1925 1156 1956 quo
1177 1914 1278 1946 verbo
1304 1925 1414 1956 neque
1440 1914 1571 1946 omnino
1591 1924 1671 1945 usus
1691 1924 1766 1945 esse
1787 1915 1919 1946 Seneca
1954 1915 1955 1918 ’

152 1964 283 1996 videtur
310 1976 419 2007 neque
447 1965 474 1996 si
501 1970 608 2004 esset,
636 1970 712 2007 apte
738 1965 803 1998 hoc
828 1965 904 1997 loco
932 1977 1052 1997 usurus
1077 1964 1197 2004 suisse;
1224 1965 1265 1996 ad
1290 1977 1396 1997 meam
1416 1965 1680 1997 emendationem
1700 1964 1742 1997 cf.
1762 1965 1852 1997 Dial.
1871 1965 1915 2005 X,
1953 1987 1955 1991 «

155 2017 187 2055 ⁶2,
207 2017 239 2048 4.
267 2017 401 2058 adspice
420 2017 502 2056 illos,
523 2016 568 2048 ad
585 2016 928 2058 quornmselica'lolem
947 2020 1169 2049 concurritur:
1196 2018 1286 2049 bonis
1310 2021 1379 2049 sm's
1398 2017 1590 2060 effocanlvr.
1618 2035 1668 2040 -
1702 2016 1836 2049 Deinde
1855 2027 1915 2060 pro
1954 2013 1956 2016 ’

153 2070 249 2109 grai-i
271 2068 386 2111 scripsi
411 2079 510 2110 grave
534 2066 676 2099 fortasse
700 2069 806 2100 minus
824 2075 927 2101 recte.
956 2088 1008 2093 —
1035 2065 1150 2103 CAP.
1180 2065 1307 2109 XXV,
1341 2067 1369 2101 l.
1405 2068 1597 2100 Certissima
1617 2068 1849 2100 emendatione
1867 2068 1917 2099 in·
1952 2106 1954 2108 v

152 2118 265 2150 tulisse
283 2119 359 2150 mihi
376 2119 491 2151 videor
509 2130 626 2151 vocem
648 2122 702 2151 sm*
725 2126 801 2152 ante
820 2120 955 2152 verbum
971 2120 1078 2164 sugit,
1106 2132 1167 2164 pro
1189 2132 1254 2163 qua
1272 2120 1395 2153 habent
1413 2120 1484 2159 libri
1502 2120 1710 2164 transpositis
1729 2119 1845 2152 litteris
1864 2123 1917 2152 πίε

152 2175 187 2201 et
211 2173 262 2202 ius
289 2176 322 2202 et
345 2170 437 2213 quod
463 2182 503 2203 ex
529 2171 614 2202 mala
646 2171 878 2204 emendatione
903 2178 1011 2205 ortum
1036 2172 1067 2204 in
1095 2172 1172 2204 cod.
1201 2172 1233 2204 D
1260 2175 1335 2212 ηιζτ;
1368 2184 1428 2204 nec
1454 2172 1565 2215 placet
1589 2171 1681 2215 quod
1705 2171 1746 2203 F.
1774 2171 1918 2204 coniecit

151 2220 306 2265 azqsitgae't‚·
328 2221 393 2254 hoc
418 2223 503 2255 enim
521 2223 591 2266 agit
602 2224 732 2255 Seneca
747 2230 783 2256 ut
798 2223 1014 2265 demonstret,
1033 2223 1156 2256 nullam
1176 2224 1226 2256 sui
1244 2230 1371 2267 partem
1385 2224 1545 2256 Metilium
1564 2224 1595 2255 in
1615 2224 1710 2256 terris
1728 2223 1915 2267 reliquisse,

152 2272 212 2305 sed
229 2279 334 2306 totum
353 2279 387 2306 et
403 2275 570 2319 integrum
589 2275 783 2308 excessisse.
800 2295 851 2302 --
869 2276 977 2309 Paulo
996 2282 1074 2321 post
1087 2276 1128 2308 F.
1146 2276 1238 2308 uncis
1260 2275 1526 2309 circumdederat
1544 2287 1663 2308 voces:
1682 2278 1814 2318 excepit
1827 2275 1917 2308 illum
