1988 2625
507 546 830 601 RECToR
865 545 976 599 ET
1016 545 1392 600 SENATVS

638 666 676 713 S.
707 666 747 714 Ρ.
778 667 821 714 l).
852 666 1271 745 CORlMlLlTONlBlsS.

64 916 167 969 Cum
203 935 416 980 proponimus
452 934 563 973 vobis,
599 935 839 967 commilitones
872 936 1110 975 humanissimi,
1155 935 1417 979 copiosissimum
1460 935 1650 968 scholarum
1685 936 1836 974 indicem,

65 1008 149 1040 qnae
169 998 200 1029 in
222 1002 366 1028 vestrum
396 1007 488 1027 usum
518 995 610 1026 vobis
640 1000 673 1027 et
692 995 852 1038 plurimae
873 1009 1010 1029 numero
1036 1004 1066 1028 et
1095 1008 1221 1041 genere
1250 996 1490 1028 diversissimae
1517 996 1713 1036 offeruntur,
1742 996 1838 1029 facile

66 1057 306 1096 existimabitis,
334 1056 390 1098 qui
419 1055 495 1087 olim
522 1055 698 1087 voluerunt
717 1056 748 1087 in
769 1056 947 1089 academiis
967 1057 1086 1089 nostris
1107 1063 1157 1089 tot
1177 1069 1216 1089 ac
1235 1063 1302 1088 tam
1321 1057 1408 1088 varia
1428 1057 1610 1089 litterarum
1629 1057 1739 1089 studia
1759 1069 1838 1090 con-

65 1118 169 1162 iungi,
189 1117 251 1148 hac
271 1116 304 1148 id
325 1127 383 1148 eos
403 1121 514 1147 mente
535 1115 672 1155 fecisse,
700 1116 790 1159 quod
821 1123 934 1149 vetere
963 1123 1144 1161 praecepto
1166 1117 1343 1150 crederent
1363 1117 1437 1149 nihil
1458 1117 1589 1149 humani
1609 1130 1626 1149 a
1646 1118 1740 1150 nobis
1760 1118 1839 1150 alie-

66 1190 143 1211 num
164 1189 253 1217 esse;
274 1188 340 1220 quo
360 1182 542 1220 praecepto
563 1182 600 1208 ut
619 1176 847 1220 imprudenter
866 1178 885 1209 ii
906 1178 1098 1213 abutuntur,
1121 1179 1177 1221 qui
1195 1178 1284 1210 leves
1305 1189 1365 1221 per
1385 1178 1492 1209 omnia
1511 1177 1694 1210 studiorum
1712 1190 1840 1223 genera

66 1243 241 1282 vagantur,
261 1237 306 1269 ita
326 1248 446 1281 magna
468 1249 541 1268 cum
559 1237 699 1269 utilitate
721 1244 859 1270 utuntur
878 1239 909 1279 ii,
932 1239 987 1282 qui
1008 1251 1080 1271 cum
1102 1239 1133 1270 in
1154 1251 1219 1270 uno
1237 1238 1346 1270 studio
1365 1238 1478 1270 sedem
1495 1244 1618 1270 certam
1635 1251 1673 1270 ac
1689 1239 1838 1271 stabilem

66 1299 209 1338 fixerint,
229 1298 324 1330 simul
343 1304 452 1330 tamen
473 1309 683 1342 cognoscere
703 1299 840 1331 student
867 1305 900 1331 et
927 1312 991 1343 qua
1019 1299 1051 1331 id
1071 1299 1317 1331 necessitudine
1345 1311 1419 1331 cum
1445 1299 1577 1342 reliquis
1599 1299 1777 1332 cohaereat
1805 1306 1838 1332 et

66 1371 152 1402 quae
173 1360 243 1391 eius
265 1358 428 1402 origineS,
456 1370 542 1401 quae
561 1358 640 1399 sata,
663 1359 718 1402 qui
738 1359 863 1403 gradus
885 1360 1024 1399 fuerint;
1052 1361 1096 1393 ita
1117 1361 1200 1392 enim
1222 1360 1414 1404 continget,
1445 1367 1479 1392 ut
1506 1372 1570 1391 non
1597 1361 1627 1391 in
1652 1372 1718 1392 uno
1744 1361 1838 1404 quasi

68 1419 192 1464 angulo
219 1419 400 1451 litterarum
430 1418 530 1450 defixi
555 1419 715 1451 haereant
742 1426 775 1452 et
793 1426 959 1464 tamquam
986 1427 1117 1453 sutores
1138 1420 1271 1464 quidam
1291 1421 1376 1452 ultra
1396 1420 1564 1464 crepidam
1584 1432 1676 1452 suam
1696 1421 1772 1453 nibil
1793 1422 1837 1453 vi-

69 1479 185 1519 deant,
215 1479 275 1511 sed
301 1491 374 1511 cum
400 1485 434 1510 et
459 1479 644 1511 studiorum
671 1486 704 1512 et
733 1486 918 1524 temporum
941 1482 1083 1513 omnium
1105 1482 1293 1513 continuam
1314 1481 1479 1524 quandam
1499 1481 1743 1514 cohaerentiam
1763 1494 1836 1514 esse

69 1540 264 1584 intelligant,
286 1539 447 1582 quidquid
469 1551 507 1571 ex
527 1540 595 1572 aliis
615 1540 732 1573 studiis
753 1541 864 1573 aliisve
884 1543 1085 1586 temporibus
1107 1542 1253 1574 utilitatis
1273 1542 1340 1585 peti
1361 1547 1489 1585 potest,
1517 1541 1547 1573 id
1575 1553 1670 1573 omne
1698 1542 1835 1574 circum<

69 1606 184 1644 specte
212 1607 245 1632 et
270 1601 437 1644 sapienter
462 1601 492 1632 in
521 1613 576 1632 eas
597 1613 679 1644 quas
699 1602 759 1645 ipsi
780 1603 894 1635 colunt
912 1603 1037 1636 litteras
1058 1608 1263 1634 convertant.
1321 1603 1544 1639 Quamobrem
1570 1602 1667 1634 iidem
1695 1603 1835 1635 maiores

68 1661 181 1698 nostri,
202 1661 257 1704 qui
277 1666 342 1693 tam
364 1660 492 1693 diversa
511 1661 693 1694 litterarum
713 1675 839 1706 genera
859 1665 888 1695 in
911 1676 973 1695 una
994 1662 1163 1695 academia
1181 1663 1231 1694 vel
1246 1662 1277 1694 in
1294 1674 1372 1703 uno,
1395 1668 1430 1694 ut
1445 1662 1521 1694 olim
1538 1662 1702 1704 dicebant,
1723 1663 1834 1696 studio

69 1721 217 1766 generali
237 1721 578 1764 comprehenderunt,
605 1723 771 1765 publicum
798 1723 989 1756 academiae
1016 1729 1182 1756 oratorem
1210 1735 1250 1755 ex
1278 1735 1318 1754 eo
1345 1723 1550 1766 potissimum
1570 1722 1754 1755 studiorum
1775 1736 1835 1768 ge—

60 1790 148 1813 ·nere
168 1788 379 1814 creaverunt.
406 1783 437 1813 in
464 1794 530 1825 quo
557 1783 684 1826 reliqna
713 1784 821 1816 omnia
847 1785 1008 1817 haberent
1036 1796 1242 1817 communem
1261 1785 1386 1817 sontem
1407 1791 1440 1816 et
1461 1784 1640 1823 vinculum
1666 1785 1699 1817 id
1724 1792 1835 1818 autem

70 1842 210 1885 antiquis
230 1842 345 1874 litteris
368 1843 531 1874 contineri
549 1844 568 1875 ii
592 1856 727 1887 quoque
747 1844 909 1886 fatentur,
939 1847 993 1889 qui
1014 1847 1092 1878 mira
1112 1847 1256 1878 vanitate
1274 1846 1304 1878 in
1325 1847 1547 1889 praesentium
1567 1851 1752 1889 temporum
1774 1847 1834 1878 do-
1852 1856 1855 1859 ⁴

71 1902 173 1934 ctrina
194 1902 278 1934 adeo
300 1903 359 1934 sibi
373 1903 515 1946 placent,
536 1910 573 1935 ut
587 1905 867 1947 praestantissima
884 1908 1091 1950 superiorum
1108 1906 1296 1938 seculorum
1312 1907 1445 1950 ingenia
1462 1907 1665 1949 contemptui
1680 1907 1834 1941 habeant.

72 1962 184 1999 Quare
204 1969 314 1995 vetere
335 1976 427 1995 mor(¹
448 1976 508 1996 nos
529 1977 674 2008 quoque,
703 1977 776 1997 cum
798 1966 839 1998 de
860 1967 962 1999 omnis
989 1967 1121 2011 generis
1141 1967 1279 1999 scientia
1305 1967 1433 1999 scholas
1460 1966 1550 1998 vobis
1576 1966 1766 2007 indicimus,
1793 1980 1834 2000 ex

70 2024 263 2067 antiquitate
282 2025 422 2067 petimus
442 2025 656 2068 praefationis
677 2033 921 2070 argumentum,
944 2034 976 2060 et
994 2028 1113 2060 iterum
1133 2028 1225 2059 vobis
1245 2027 1286 2059 L.
1309 2028 1472 2060 Senecam
1493 2027 1718 2070 proponimus,
1740 2028 1833 2060 cuius

72 2084 281 2129 dialogorum
300 2086 416 2118 librum
437 2087 493 2125 VI,
522 2087 578 2130 qui
603 2094 654 2120 est
672 2089 758 2120 inter
782 2089 928 2132 reliquos
954 2089 1051 2120 facile
1079 2089 1232 2132 princeps
1259 2088 1319 2120 sed
1347 2088 1434 2120 idem
1462 2087 1570 2119 multis
1589 2088 1670 2120 locis
1690 2090 1835 2133 graviter

73 2144 288 2188 depravatus,
317 2145 494 2190 diligenter
519 2148 705 2180 emaculare
730 2148 930 2187 studuimus3
956 2149 986 2180 in
1014 2161 1079 2192 quo
1107 2149 1190 2180 libro
1217 2160 1282 2181 non
1309 2149 1415 2181 solum
1442 2148 1629 2192 philosophi
1653 2149 1833 2190 habebunt,

72 2216 158 2257 quae
184 2205 226 2237 de
247 2206 316 2238 eius
337 2214 533 2251 argumento
555 2214 588 2240 et
608 2207 754 2241 fontibus
775 2216 952 2253 quaerant,
979 2210 1039 2242 sed
1066 2209 1163 2241 etiam
1183 2209 1333 2254 theologi
1353 2214 1577 2253 cognoscent,
1605 2221 1701 2252 quam
1729 2221 1833 2253 prope

73 2276 173 2308 saepe
193 2266 234 2298 ad
255 2266 461 2300 christianam
487 2268 669 2301 doctrinam
690 2271 881 2302 Stoicorum
908 2271 1088 2303 accesserit
1113 2270 1339 2314 philosophia,
1368 2276 1401 2302 et
1424 2270 1640 2302 iureconsulti
1664 2270 1833 2310 videbunt,

72 2325 240 2368 quomodo
257 2331 436 2370 ezr-emplum
450 2332 580 2361 amore
597 2330 725 2362 Seneca
742 2330 955 2374 appellaverit
971 2342 998 2362 c.
1014 2332 1070 2371 lo,
1085 2331 1118 2363 3.
1135 2336 1169 2363 et
1184 2330 1314 2371 medici,
1332 2329 1501 2373 quomodo
1518 2342 1592 2362 cum
1609 2330 1670 2362 alia
1685 2337 1754 2363 tum
1767 2333 1834 2363 sin-
