1968 2599
1005 147 1031 189 8

141 263 321 306 pensanda.
358 261 388 292 in
409 271 473 302 quo
495 259 591 290 etiam
611 257 710 301 paulo
731 261 806 288 ante
826 255 982 297 scriptum
1003 255 1093 286 belua
1114 265 1173 298 pro
1194 254 1328 293 beluam,-
1364 266 1392 286 c.
1417 257 1449 295 7,
1473 256 1505 287 3.
1535 267 1555 287 α
1575 267 1638 298 qua
1665 268 1724 299 pro
1745 269 1781 289 ea
1802 269 1908 299 quae,-

148 327 176 347 c.
201 316 256 354 ll,
279 315 310 345 4.
339 324 419 343 aura
440 322 499 354 pro
520 322 631 341 aurae.
661 322 688 340 c.
715 309 775 345 18,
799 309 831 339 5.
858 318 993 349 quarum
1014 307 1081 338 alia
1107 317 1168 349 pro
1194 307 1290 338 alsae.
1319 318 1347 338 c.
1371 308 1438 346 22.
1460 308 1494 340 S.
1521 311 1643 349 quanta
1669 320 1729 351 pro
1755 312 1907 351 qnaulae.

147 378 176 399 c.
199 366 256 401 ²26.
279 366 296 395 7
318 366 414 394 ruina
435 374 494 406 pro
515 364 640 393 rm'uae.
677 372 738 391 nec
758 358 839 390 illud
857 359 920 389 rari
942 358 1082 401 exempli
1102 363 1164 398 est,
1185 357 1277 400 quod
1293 361 1407 400 pecias
1428 364 1479 390 est
1501 359 1659 402 scriptum
1678 371 1738 403 pro
1754 363 1907 403 pectoris.

149 437 199 443 —-
215 414 347 448 Deinde
367 414 481 458 scripsi
500 425 582 456 qaae
601 412 715 443 deinde
736 423 775 442 ex
795 409 872 442 cod.
894 411 930 441 A.
951 421 1011 453 pro
1032 410 1185 454 vulgato:
1211 421 1294 451 quae
1313 410 1447 442 demum.
1468 430 1517 434 ———
1554 407 1636 444 ibid.
1658 413 1681 451 ς
1701 409 1736 444 3.
1763 413 1907 445 scriben-

150 469 224 501 dum
244 472 314 499 erat
332 478 411 508 opas
429 469 495 503 est.
520 476 584 496 non
604 466 652 495 esi
670 474 759 504 opu&
796 461 902 493 Paulo
929 467 1006 505 post
1033 462 1124 504 quod
1143 460 1220 493 inde
1240 473 1258 492 a
1278 461 1410 493 Mureto
1432 461 1510 494 edd.
1532 474 1645 494 omnes
1671 463 1809 496 habent:
1835 476 1909 507 quo-

147 532 214 552 rum
235 519 322 551 modo
341 521 433 560 copia
454 517 541 549 modo
560 518 669 557 iuopia
691 517 871 556 rumpe'c‘ar.
898 525 1097 556 quamquam
1126 519 1159 545 et
1184 513 1348 545 sententia
1375 518 1408 545 et
1432 513 1538 546 verbis
1566 520 1679 558 aptum
1704 521 1770 555 est,
1797 527 1909 548 verum

150 578 256 604 tamen
276 582 340 602 non
361 575 473 613 potest
493 567 604 604 videri.
625 572 799 609 postquam
818 565 1038 598 intelleximus
1058 566 1087 597 in
1108 565 1183 597 cod.
1201 567 1238 597 A.
1259 565 1346 608 legi:
1367 577 1497 607 qaorum
1513 567 1636 598 modam
1651 569 1684 598 in
1700 570 1810 609 inopia
1826 579 1910 600 rum-

143 626 251 666 pisum
271 633 380 664 neque
400 621 464 653 ulla
485 620 545 651 alia
565 624 614 650 est
634 619 807 661 scriptura,¹
828 629 913 660 quae
933 629 998 649 non
1019 629 1058 649 ex
1079 617 1130 648 illa
1151 616 1296 649 derivata
1312 616 1367 655 sit;
1388 628 1490 660 quare
1506 629 1580 649 eum
1596 630 1661 650 non
1677 618 1909 661 solum,verba‚

150 686 233 718 quae
253 674 377 706 suntin
399 672 473 705 cod.
494 674 542 705 A..
568 670 706 714 intelligi
734 669 942 702 nullomodo
963 669 1107 712 possint,
1135 668 1196 701 sed
1223 669 1319 701 etiam
1346 669 1531 701 sententiae
1557 681 1632 712 pars
1660 670 1764 712 desit,
1793 672 1909 715 copiae

151 727 235 758 enim
256 725 453 757 mentionem
474 722 654 754 desiderari
673 727 764 753 recte
783 722 935 753 Muretus
961 721 1148 765 perspexit,
1171 720 1380 752 manifestum
1406 721 1481 752 mihi
1507 720 1636 753 videtur
1660 723 1759 754 verba
1785 723 1912 766 aliquot

151 777 325 817 excidisse,
346 788 430 819 quae
449 776 475 807 si
494 774 650 817 supplere
670 785 840 813 conamur,
861 785 924 804 non
944 772 1020 804 ideo
1041 773 1167 816 reliqua
1188 784 1323 816 quoque
1343 772 1552 805 attrectanda
1570 780 1657 814 sunt,
1677 773 1710 805 id
1730 774 1822 817 quod
1836 776 1911 808 Mu-

148 836 239 862 retus
259 829 352 867 fenim
373 840 436 871 ego
457 827 558 870 igitur
576 826 664 858 nulla
684 826 791 857 littera
810 826 842 857 in
862 824 986 856 codicis
1006 826 1033 856 A
1053 825 1216 868 scriptura
1235 830 1361 856 mutata
1379 824 1425 857 sic
1444 824 1610 868 supplevi:
1637 838 1768 868 qnorum
1787 827 1911 860 modum

152 885 196 923 [2¹72
217 883 308 923 copia
330 880 484 912 excedens
504 879 570 918 rel]
591 881 622 909 2'11
643 880 753 919 inopia
773 879 958 919 rmnpilnr:
984 883 1084 919 atque
1110 877 1154 908 ita
1174 877 1268 908 simul
1290 888 1391 909 causa
1410 876 1548 909 lacunae
1567 883 1722 920 apparet;
1748 879 1912 911 aberravit

151 934 234 965 enim
260 932 378 964 librarii
405 931 520 962 oculus
547 941 565 961 a
591 929 726 961 wocibus
752 932 784 961 sn
811 932 903 971 copia
931 928 973 960 ad
997 929 1116 960 similes
1143 928 1212 960 illas
1239 931 1272 960 ite
1293 931 1414 970 inopia.
1448 928 1518 961 Sed
1544 930 1689 971 quamvis
1713 930 1795 962 haec
1818 930 1913 974 plau-

153 985 256 1017 sibilia
285 983 472 1019 videantur,
505 993 606 1013 vanus
643 987 752 1013 tamen
785 981 842 1019 sit,
880 981 936 1023 qui
961 992 1025 1012 non
1053 980 1234 1020 concedat,
1262 992 1361 1023 posse
1387 980 1476 1012 aliud
1500 980 1580 1024 quid
1605 987 1638 1013 et
1663 982 1779 1014 melius
1805 994 1823 1014 a
1850 983 1913 1015 Se-

150 1048 232 1069 neca
250 1036 319 1078 ipso
340 1035 496 1077 scriptum
517 1045 601 1065 esse.
641 1034 797 1065 Ceterum
818 1033 947 1076 copiam
967 1039 1000 1064 et
1019 1033 1162 1075 inopiam
1181 1032 1329 1064 similiter
1347 1033 1520 1076 coniungit
1533 1033 1621 1065 Dial.
1637 1034 1713 1071 VII,
1738 1035 1794 1074 14,
1814 1035 1845 1068 l.
1863 1054 1912 1059 —-

148 1084 231 1122 ibid.
259 1090 281 1126 ᾖ·
300 1086 334 1118 4.
365 1088 558 1129 Sequuntur
583 1097 696 1117 rursus
729 1085 827 1116 verba
854 1085 1118 1127 corruptissima.
1148 1096 1289 1127 quorum
1317 1085 1433 1127 partim
1466 1084 1582 1117 videor
1605 1085 1681 1117 mihi
1707 1086 1912 1119 emendatio-

150 1140 243 1172 nibus
263 1139 360 1170 certis
380 1139 410 1170 in
436 1139 601 1181 integrum
621 1138 815 1177 restituisse,
838 1137 879 1168 de
900 1136 1033 1179 reliquis
1061 1136 1113 1168 alii
1134 1136 1283 1169 xiderint.
1323 1137 1502 1168 versamur
1528 1142 1637 1169 autem
1662 1137 1693 1169 in
1719 1137 1795 1170 loco
1821 1149 1911 1170 com-

150 1192 247 1225 muni.
268 1202 364 1233 quem
384 1190 516 1233 saepius
538 1191 667 1221 Seneca
688 1189 870 1222 exornavit.
892 1188 933 1220 de
954 1188 1090 1220 hominis
1111 1189 1334 1220 imbecillitate
1361 1189 1541 1232 mortisque
1569 1189 1676 1221 causis
1703 1189 1848 1233 plurimis
1873 1201 1912 1222 ac

149 1243 345 1275 levissimis*
366 1241 408 1274 cs.
429 1243 505 1274 Nat.
528 1242 680 1278 Quaestt.
698 1242 741 1274 ΙΙ.
764 1242 822 1275 59.
843 1242 876 1273 3.
900 1242 919 1271 ἔ)
941 1252 1012 1283 sqq.
1034 1241 1091 1279 VI,
1112 1242 1145 1281 2,
1167 1242 1278 1273 ss—ss.
1301 1241 1360 1279 32,
1383 1242 1492 1272 2-—5.
1516 1241 1610 1284 epist.
1636 1242 1718 1281 120,
1738 1242 1782 1273 15
1797 1254 1846 1285 sq.
1867 1241 1910 1274 M.

153 1296 281 1327 Seneca
296 1306 383 1325 suas.
400 1294 445 1332 ΙΙ,
464 1295 496 1325 6.
514 1294 570 1329 VI,
592 1295 647 1324 15.
668 1293 781 1324 Debet
795 1298 905 1324 autem
922 1292 1024 1324 omnis
1041 1292 1228 1324 emendatio
1245 1304 1263 1324 a
1279 1291 1354 1325 cod.
1372 1293 1409 1324 A.
1425 1293 1602 1335 proficisci,
1622 1293 1653 1324 in
1670 1305 1735 1336 quo
1751 1293 1804 1326 hic
1818 1294 1912 1326 locus

152 1348 196 1379 sic.
215 1347 369 1378 habetur:
395 1358 556 1388 praecare
582 1348 719 1387 spa-ilus
746 1349 777 1376 el
803 1346 884 1376 male
911 1345 1077 1376 haerentis
1103 1357 1165 1386 qna
1190 1356 1310 1386 param
1337 1347 1540 1386 repentinum
1560 1345 1672 1376 audiet
1691 1348 1722 1376 et
1741 1347 1913 1388 improviso

151 1411 245 1430 sonas
264 1399 397 1429 anrslms
416 1401 526 1440 gravis
545 1399 679 1429 emt-ulii.
699 1398 761 1428 sali
776 1408 901 1438 semper
919 1397 985 1427 siba·
1001 1399 1230 1428 lellt'rfmensum
1249 1399 1398 1428 silvosam
1421 1399 1452 1428 el
1471 1397 1593 1428 inutili.
1628 1399 1784 1428 miramur
1803 1400 1834 1429 1‘71
1855 1398 1913 1430 hoc

152 1455 279 1482 morsum
299 1462 379 1492 quae
399 1453 494 1481 um'ns
513 1450 672 1491 singulius
692 1460 770 1490 opus
789 1452 860 1480 eslf
896 1449 999 1479 Lexia
1019 1449 1049 1479 in
1070 1448 1117 1479 his
1137 1447 1256 1480 menda
1276 1453 1352 1479 suut
1380 1454 1414 1479 ct
1441 1447 1566 1479 dudum
1586 1454 1737 1480 correcta
1751 1460 1913 1491 praecare
1956 1442 1957 1459 ³

153 1514 211 1545 pro
229 1503 380 1544 precarii
396 1508 429 1533 et
448 1502 562 1533 imeli'le'
577 1512 635 1543 pro
657 1502 790 1539 e'mnl1'z'03
818 1500 876 1532 sed
905 1500 935 1531 in
962 1505 1129 1543 postrema
1155 1500 1318 1532 sententia
1338 1511 1412 1531 cum
1433 1511 1545 1531 omnes
1567 1500 1688 1531 librarii
1707 1500 1911 1533 recentiores
1955 1507 1956 1512 ¹

153 1565 211 1597 pro
231 1555 389 1595 singulius
410 1553 617 1596 scripsissent
634 1554 783 1594 singulis.
802 1552 832 1584 in
854 1564 918 1594 quo
940 1552 1085 1584 editores
1107 1564 1220 1584 omnes
1237 1552 1486 1594 acquieverunt.
1507 1559 1604 1583 aucta
1620 1552 1729 1595 potius
1745 1558 1797 1585 est
1815 1564 1911 1596 quam

154 1606 280 1637 sublata
300 1606 364 1637 loci
385 1605 592 1648 depravatio:
619 1605 690 1647 quis
717 1605 801 1636 euim
827 1603 943 1636 credat
968 1603 1031 1636 hoc
1051 1604 1150 1636 latine
1171 1604 1233 1635 dici
1253 1604 1402 1647 potuisse
1422 1609 1479 1635 aut
1498 1615 1629 1635 sensum
1651 1604 1750 1636 ullum
1768 1604 1911 1637 habere:

154 1669 234 1689 mors
254 1661 348 1689 nnius
366 1658 504 1699 singulis
523 1668 600 1698 opvs
620 1660 684 1687 ess.
705 1657 797 1699 quasi
818 1668 895 1688 vero
916 1656 979 1687 hoc
994 1656 1160 1687 inculcare
1177 1667 1299 1699 operae
1319 1656 1460 1699 pretium
1476 1655 1527 1693 sit,
1549 1667 1614 1687 non
1629 1656 1710 1688 binis
1724 1655 1913 1698 pluribusve

155 1709 311 1741 mortibus
338 1720 438 1740 unum
464 1709 626 1740 hominem
646 1709 774 1751 periret,
802 1714 835 1740 et
860 1707 938 1751 quid
967 1708 1154 1751 putabimus
1181 1708 1265 1740 hanc
1291 1708 1483 1750 sapientiam
1509 1707 1551 1739 ad
1576 1707 1751 1739 levandum
1770 1708 1913 1740 Marciae

156 1760 301 1792 dolorem
321 1760 504 1803 prodesse?
541 1766 597 1792 aut
615 1760 783 1803 quomodo
804 1772 882 1802 opas
908 1772 976 1791 esse
1005 1759 1068 1791 dici
1088 1765 1216 1802 potest,
1243 1759 1299 1791 ubi
1326 1759 1368 1791 de
1394 1759 1592 1792 necessitate
1618 1765 1754 1791 raturae
1781 1760 1913 1803 agitur?

155 1814 229 1845 Non
250 1812 349 1844 multo
370 1812 485 1844 melius
505 1818 555 1844 est
574 1824 682 1854 neque
703 1811 794 1855 quod
815 1818 889 1844 ante
910 1812 950 1843 F.
972 1812 1149 1854 legebatur
1167 1812 1206 1843 ab
1227 1812 1367 1844 Erasmo
1387 1812 1570 1843 inventum:
1591 1823 1643 1843 mo.
1660 1814 1719 1842 lem
1739 1814 1834 1843 mins
1849 1823 1913 1854 qna

154 1866 292 1906 singulis
315 1875 393 1906 opus
418 1868 481 1903 ess,
511 1876 571 1896 nec
598 1864 689 1906 quod
715 1870 790 1896 ante
809 1864 984 1896 Erasmum
1004 1863 1173 1907 vulgatum
1201 1869 1288 1895 erat:
1317 1867 1444 1895 moriem
1466 1866 1560 1894 mlius
1578 1875 1660 1904 quae
1678 1864 1815 1905 siugulis
1834 1875 1914 1906 opus

155 1919 223 1953 esst
259 1927 330 1947 nam
358 1916 502 1958 quamvis
528 1916 706 1948 tolerabilis
733 1916 894 1948 sententia
913 1915 995 1947 haec
1015 1916 1072 1953 sit.
1111 1927 1175 1947 non
1195 1915 1375 1947 mirandam
1396 1927 1469 1947 esse
1489 1915 1583 1946 unius
1604 1914 1742 1946 hominis
1762 1921 1912 1955 mortem,

156 1979 240 2010 quae
260 1967 433 2000 subeunda
453 1968 602 1999 omnibus
622 1968 809 1999 necessario
830 1968 882 2008 sit,
909 1974 1016 1999 tamen
1038 1979 1146 2010 neque
1168 1968 1265 1999 verba
1291 1967 1333 1998 ad
1360 1979 1431 1999 eam
1456 1966 1651 1998 sententiam
1679 1971 1755 2009 apte
1784 1966 1914 1999 delecta

156 2025 231 2051 sunt
249 2031 357 2062 neque
377 2020 442 2051 tale
463 2026 512 2051 est
531 2020 688 2051 orationis
708 2020 890 2060 consilium⁷
912 2025 948 2051 ut
966 2019 1130 2051 sententia
1149 2019 1203 2051 illa
1221 2019 1386 2062 interponi
1406 2018 1527 2062 possit;
1553 2018 1608 2061 agi
1633 2019 1716 2050 enim
1741 2018 1782 2050 de
1801 2017 1913 2050 mortis

156 2071 261 2103 causis
280 2071 416 2103 minimis
437 2078 470 2103 et
487 2072 773 2103 innumerabilibus
800 2078 833 2104 et
853 2071 1086 2103 antecedentia
1108 2071 1335 2103 demonstrant
1354 2070 1539 2114 planissime
1560 2075 1594 2101 et
1613 2070 1801 2112 sequentia,
1828 2081 1913 2113 quae

155 2133 215 2165 per
233 2126 313 2154 em'm
333 2124 524 2165 particulam
543 2123 776 2166 adiunguntur.
814 2124 1025 2166 Ruhkopfius
1045 2122 1178 2166 quidem
1197 2123 1279 2155 haec
1299 2123 1346 2154 sic
1365 2126 1512 2154 enarrat:
1532 2122 1671 2161 „Quum
1689 2127 1738 2153 tot
1755 2126 1914 2165 tantaque

158 2173 230 2211 sint,
250 2186 334 2216 quae
354 2175 491 2206 hominis
511 2176 608 2207 vitam
629 2181 835 2216 consumant,
856 2176 1020 2213 miramur,
1042 2187 1142 2207 unum
1161 2175 1326 2207 hominem
1345 2174 1437 2214 mori,
1463 2172 1504 2205 ad
1524 2185 1622 2216 quam
1641 2172 1782 2217 singula,
1811 2184 1914 2216 quae-

158 2225 230 2256 dam
250 2226 413 2257 valent·?“
451 2239 514 2270 qua
533 2227 804 2270 interpretatione
833 2227 913 2270 quid
937 2227 1054 2259 faciam
1073 2227 1203 2267 nescio,
1230 2239 1291 2259 nec
1312 2238 1395 2270 opus
1419 2230 1470 2257 est
1490 2236 1668 2268 quaerere;
1706 2236 1802 2257 nemo
1831 2225 1915 2257 enim

156 2278 302 2320 negabit,
322 2283 412 2309 recte
431 2290 482 2310 me
500 2280 662 2321 siugallus
681 2279 850 2322 scripsisse
870 2291 929 2322 pro
946 2281 1116 2321 ssugalias,
1136 2279 1318 2311 mutatione
1333 2289 1439 2321 paene
1455 2276 1559 2317 nulla;
1578 2288 1651 2309 nam
1671 2279 1686 2308 τ’
1702 2282 1736 2308 et
1754 2280 1768 2308 t
1785 2277 1914 2309 litterae

158 2328 189 2360 in
208 2328 281 2360 cod.
302 2331 339 2360 A.
360 2329 469 2362 solent
487 2331 680 2373 permutari;
708 2331 808 2363 veluti
827 2331 913 2363 idem
933 2331 1033 2363 habet
1051 2331 1115 2363 hoc
1134 2331 1217 2362 libro
1239 2343 1267 2363 c.
1292 2332 1323 2371 l,
1345 2332 1377 2361 4.
1399 2330 1506 2373 florei
1521 2340 1580 2372 pro
1592 2330 1705 2371 floret.
1745 2340 1773 2360 c.
1797 2329 1855 2369 10,
1880 2329 1913 2360 3.
